1921 2789
829 109 1021 144 „17-

511 206 716 242 Ferundum
751 204 864 241 feres:
890 205 962 240 tuis
987 214 1052 250 par
1077 204 1182 240 factis
1207 203 1346 240 feceris.

233 256 271 293 ln
313 265 389 302 quo
426 265 532 292 versu
573 255 712 299 ,‚teres“
752 254 925 290 brevibus
963 254 1113 301 syllabis
1151 254 1371 289 metiendum
1399 256 1463 290 est.
1517 252 1627 296 Quod
1654 254 1754 298 apud

61 309 70 313 ”
109 305 316 341 Terentium
336 305 457 341 medio
482 305 518 339 in
544 314 651 339 versu
669 312 850 348 nusquam
879 303 987 338 nobis
1013 303 1169 346 incurrit,
1196 303 1243 345 id,
1271 303 1371 347 quod
1399 302 1441 337 H.
1470 303 1548 347 ipse
1574 302 1753 337 concedit.

111 353 228 398 „Par“
254 354 375 389 autem
401 353 608 388 coniectura
634 353 687 387 est
713 361 758 387 ex
784 351 922 387 Havetii
950 351 1065 387 solius
1090 352 1267 386 sententia
1308 351 1449 394 educta,
1477 360 1571 396 quae
1602 350 1753 385 omnino

112 402 233 439 critica
258 401 471 438 confirmata
496 401 633 437 ratione
659 402 751 446 eget,
779 410 889 445 quam
916 401 992 436 iure
1018 401 1160 436 abicere
1186 400 1375 436 debemus

339 526 517 562 Phaedria
533 526 597 561 tibi
611 526 725 562 adest.
741 546 787 551 —
804 469 1059 562 U‘ffiamffl
1073 510 1207 561 Eccum
1221 525 1268 561 ab
1285 535 1351 561 sua
1366 526 1545 571 palaestra
1559 525 1631 561 exit
1643 525 1752 561 toras.

112 576 308 613 485—486
331 575 457 620 Dorio,
471 575 569 619 audi,
581 575 746 612 obsecro.
775 595 816 601 —-
828 574 912 611 Non
936 575 1057 611 audio.
1076 595 1122 600 —-
1138 575 1346 621 Parumper.
1359 595 1405 600 —
1433 573 1531 617 Quin
1546 575 1669 611 omitte
1683 585 1751 611 me.

333 625 440 669 Audi,
473 625 574 670 quod
605 625 735 661 dicam.
768 645 814 650 —
848 624 893 660 At
910 625 1005 660 enirn
1033 625 1153 660 taedet
1183 625 1253 660 iam
1286 624 1411 660 audire
1437 624 1565 659 eadem
1601 625 1753 660 miliens.

231 674 389 710 Verbum
420 675 656 719 ‚,parumper“
688 674 730 709 H.
758 675 860 719 putat
885 683 966 709 esse
1003 674 1141 709 initium
1170 674 1355 716 enuntiati,
1383 673 1483 718 quod
1523 683 1544 708 a
1584 672 1754 716 Dorione,

115 723 262 759 homine
288 722 616 769 impatientissimo,
642 723 895 768 interpellatur.
948 721 1058 766 Quod
1085 725 1120 758 et
1147 732 1227 758 mea
1253 732 1298 759 ex
1323 722 1495 768 opinione
1522 721 1598 757 fieri
1626 724 1754 768 potest.

116 772 241 808 Minus
266 773 340 808 veri
368 772 484 808 simile
509 774 629 807 autem
658 773 743 807 mihi
773 772 914 808 videtur
940 772 976 807 in
1003 772 1185 807 locutione
1215 772 1337 816 „quod
1363 771 1518 806 dicam“.

234 820 326 856 Nam
346 821 432 856 mihi
452 830 525 856 non
553 822 607 856 est
634 821 878 866 perspicuum,
897 830 960 856 cur
979 830 1051 855 non
1079 821 1183 855 liceat
1209 821 1279 855 dici
1309 819 1429 862 „audi,
1457 819 1556 864 quod
1589 819 1753 862 dicam;“

116 871 150 905 et
177 871 331 905 ceteram
357 869 510 905 formam
537 879 665 905 versus
691 869 738 905 ab
767 869 923 905 Haulero
954 871 988 905 et
1013 869 1084 905 iam
1114 871 1196 904 ante
1214 869 1261 904 ab
1282 868 1403 914 Umpf.
1431 870 1611 914 receptam
1639 870 1756 904 teneo.

121 917 224 961 „Exit
248 918 369 953 foras“
398 919 467 953 hoc
493 919 574 953 loco
602 928 675 954 non
703 928 852 953 necesse
879 920 934 953 est
960 919 1143 953 notionem
1172 918 1305 953 habere
1332 917 1546 952 Phaedriam
1586 927 1605 952 e
1646 918 1757 952 domo

118 966 362 1013 egredientem
400 966 526 1012 aspici,
568 967 634 1003 sed
661 976 743 1003 eum
771 967 953 1003 locutione
982 966 1050 1010 „ab
1077 967 1276 1013 palaestra“
1306 966 1539 1002 coniunctum
1578 965 1759 1013 significat

121 1016 240 1059 „venit
264 1016 312 1052 ab
340 1016 551 1061 palaestra,“
585 1015 612 1063 1)
638 1016 674 1052 id
702 1018 778 1060 est;
806 1016 954 1052 directio
997 1017 1044 1052 ab
1081 1017 1203 1061 aliquo
1231 1016 1312 1051 loco
1339 1015 1573 1062 significatur.
1638 1014 1757 1058 Quam

118 1064 167 1100 ob
193 1075 268 1100 rem
296 1065 404 1100 nobis
422 1075 495 1100 non
522 1065 603 1100 licet
615 1066 725 1101 verba
754 1066 847 1108 „exit
871 1065 991 1100 foras“
1008 1066 1124 1100 eicere
1150 1075 1349 1109 eorumque
1377 1065 1457 1099 loco
1484 1065 1594 1099 verba
1623 1064 1758 1107 „Dorio

109 1113 226 1149 -audi“
255 1114 425 1159 recipere.

895 1182 978 1217 492.

184 1240 236 1282 Ei,
263 1241 385 1276 metuo
417 1240 596 1282 lenonem,
625 1249 669 1275 ne
696 1240 783 1284 quid
811 1250 879 1275 suo
906 1242 987 1275 suat
1014 1240 1121 1285 capiti
1151 1268 1158 1275 .
1187 1268 1194 1274 .
1224 1268 1230 1274 .
1259 1260 1304 1264 —
1333 1239 1431 1274 {dem
1460 1249 1530 1285 ego
1557 1249 1692 1275 vereor.

187 1287 393 1334 Non(dum)
420 1289 507 1324 mihi
546 1288 699 1324 credis?
724 1308 769 1313 -—
798 1288 992 1324 Hariolare.
1033 1309 1078 1313 —
1107 1287 1171 1324 Sin
1197 1288 1307 1323 fidem
1336 1288 1420 1323 do?
1446 1308 1492 1312 —
1534 1288 1691 1323 Fabulae

236 1337 279 1383 Jn
318 1338 387 1372 hoc
426 1347 532 1373 versu
571 1347 653 1372 curn
683 1337 800 1372 codex
825 1337 856 1372 A
882 1338 1050 1373 exhibeat
1079 1337 1301 1380 „nondum“,
1330 1337 1436 1372 ceteri
1464 1337 1543 1371 libri
1585 1338 1759 1382 praebent

122 1389 256 1428 ,‚non“,
294 1386 394 1431 quod
420 1386 570 1422 verbum
596 1385 811 1428 tenebimus,
839 1396 921 1421 cum
948 1386 1158 1431 particulam
1200 1386 1336 1428 „dum“
1375 1385 1480 1421 facile
1520 1388 1558 1420 ut
1596 1386 1757 1432 glossam

122 1434 158 1469 in
198 1434 361 1470 codicem
398 1434 429 1470 A
467 1435 620 1480 irrepere
660 1434 823 1480 potuisse
860 1436 1040 1480 putemus.
1080 1433 1139 1480 (cf.
1182 1434 1315 1470 Hauler
1354 1444 1388 1479 p.
1416 1434 1488 1469 205
1513 1435 1572 1469 ad.
1599 1445 1632 1470 v.
1658 1435 1758 1480 491).

123 1482 308 1519 Sententia
333 1484 526 1519 verborum
555 1493 652 1526 ‚,non
686 1483 772 1518 mihi
791 1484 932 1519 credis“
949 1486 1020 1518 tam
1050 1484 1234 1528 perlucida
1252 1484 1337 1518 mihi
1364 1483 1515 1525 videtur,
1535 1486 1572 1518 ut
1598 1484 1757 1518 animum

122 1541 196 1567 non
223 1532 420 1576 perducere
447 1532 598 1577 possim,
627 1533 664 1566 ut
691 1533 813 1574 „non“
841 1532 968 1567 eiciam
996 1534 1030 1567 et
1058 1532 1193 1574 „dum“
1235 1531 1418 1576 recipiam.
1472 1531 1608 1567 Eodem
1650 1533 1760 1567 modo

123 1589 197 1616 non
225 1580 507 1627 intellegendum
535 1583 599 1623 est,
643 1590 706 1616 cur
732 1580 905 1625 particula
933 1580 1037 1623 ,‚sin“
1066 1581 1134 1616 hoc
1162 1581 1242 1616 loco
1269 1590 1347 1615 rara
1387 1581 1534 1615 notione
1571 1581 1625 1623 „si
1664 1583 1761 1616 non“

122 1631 295 1674 usurpata
321 1629 376 1664 sit.
430 1628 502 1666 Sed
546 1631 580 1664 et
606 1630 674 1664 hoc
702 1629 783 1664 loco
809 1629 1143 1671 animadvertimus,
1171 1639 1243 1674 qua
1269 1629 1439 1664 violentia
1465 1632 1574 1674 atque
1613 1629 1647 1665 vi
1688 1629 1762 1665 Ha·

121 1678 238 1713 vetius
273 1678 309 1712 in
345 1678 512 1714 versibus
548 1678 669 1713 critice
694 1678 891 1713 tractandis
917 1679 1038 1724 egerit,
1066 1680 1102 1713 ut
1129 1679 1228 1724 leges
1253 1687 1340 1713 suas
1366 1678 1413 1713 ab
1440 1678 1522 1723 ipso
1549 1679 1762 1714 constitutas

120 1727 340 1773 rhythmicas
367 1727 400 1762 in
429 1728 536 1772 poeta
562 1728 808 1772 persequatur,
824 1737 918 1772 quae
942 1727 990 1762 ab
1015 1728 1132 1772 ipsius
1158 1729 1286 1772 poetae
1306 1728 1481 1762 sententia
1499 1728 1639 1763 alienae
1666 1731 1760 1763 sunt.

897 1775 981 1830 465.

237 1852 293 1887 Tu
321 1852 406 1887 mihi
433 1855 623 1898 cognatus,
650 1854 687 1901 tu
715 1862 858 1897 parens,
886 1854 923 1887 tu
950 1853 1102 1895 amicus,
1128 1855 1165 1888 tu
1194 1881 1201 1887 .
1231 1880 1238 1887 .
1267 1881 1273 1887 .
1302 1873 1346 1877 -
1375 1851 1478 1888 Garri
1506 1853 1628 1888 modo.

237 1900 371 1936 Versus
396 1901 469 1936 496
495 1901 602 1935 nobis
627 1901 753 1935 iterum
790 1901 938 1945 praebet
969 1902 1173 1946 exemplum
1213 1901 1433 1936 Havetianae
1466 1901 1573 1936 nimis
1617 1902 1760 1936 subtilis

121 1949 156 1985 in
195 1959 426 1985 numerorum
470 1949 734 1994 compositione
773 1949 991 1995 postulanda
1030 1950 1190 1985 rationis.
1254 1949 1362 1984 Nulla
1401 1950 1509 1984 nobis
1545 1958 1656 1985 causa
1694 1953 1759 1992 est,

120 2008 184 2034 cur
234 2008 257 2034 a
307 1999 459 2034 lectione
510 1998 609 2033 libris
650 1998 779 2034 tradita
819 1999 1033 2034 recedamus
1076 2008 1194 2044 neque
1237 2009 1319 2034 cum
1364 1998 1525 2034 Bentleio
1553 1998 1582 2044 2)
1626 2000 1760 2042 „mihi“

120 2047 293 2083 eiciemus
318 2057 436 2092 neque
462 2047 704 2083 coniecturam
733 2047 872 2083 Havetii
898 2048 1131 2093 accipiemus,
1171 2048 1244 2093 qui,
1272 2050 1308 2083 ut
1347 2047 1500 2094 figuram
1538 2048 1762 2094 gradationis

120 2095 262 2140 efficiat,
288 2096 481 2132 verborum
509 2096 672 2132 ordinem
700 2097 748 2132 ita
775 2097 946 2133 mutavit:

283 2146 339 2182 Tu
366 2146 453 2181 mihi
480 2148 669 2192 cognatus,
700 2148 738 2181 tu
764 2147 916 2189 amicus,
942 2148 979 2182 tu
1008 2156 1139 2191 parens
1167 2175 1174 2181 .
1204 2174 1210 2181 .
1240 2175 1247 2181 .
1274 2167 1320 2171 —
1348 2144 1451 2182 Garri
1480 2147 1602 2181 modo.

120 2251 142 2282 lt
184 2252 207 2282 E
243 2213 263 2248 ¹)
281 2212 464 2282 3{³3alaestra
495 2213 555 2243 hoc
584 2212 615 2242 in
645 2220 738 2243 versu
768 2213 883 2243 domus
913 2213 1106 2251 intellegitur,
1139 2213 1168 2242 in
1202 2221 1263 2250 qua
1284 2212 1431 2243 continuo
1452 2221 1540 2243 amor
1561 2215 1754 2244 exerceretur

144 2260 162 2282 a
211 2260 259 2282 un.
352 2261 359 2282 :

378 2291 468 2321 Haud
499 2291 610 2321 similis
629 2291 746 2329 virgost
766 2291 918 2329 virginum
939 2293 1125 2327 nostrarum,
1146 2300 1225 2328 quas
1247 2293 1360 2321 matres
1382 2292 1507 2321 student

374 2329 529 2359 Demissis
544 2330 659 2359 umeris
673 2337 755 2366 esse,
769 2330 872 2360 vincto
888 2331 1023 2368 pectore,
1039 2332 1071 2360 ut
1081 2331 1215 2367 gracilae
1227 2330 1316 2360 sient.

237 2368 366 2399 Plautus
385 2368 529 2399 Bacchid.
540 2368 676 2399 65—66:

1060 2433 1066 2439 .
1108 2433 1114 2439 .
1156 2432 1163 2439 .
1194 2409 1403 2439 .adu1escens
1431 2410 1526 2439 homo

375 2447 537 2477 Penetrem
559 2455 608 2476 me
629 2447 721 2477 huius
743 2447 827 2477 modi
848 2447 879 2477 in
900 2449 1098 2485 palaestram,
1121 2448 1173 2478 ubi
1195 2448 1318 2478 damnis
1339 2449 1587 2478 desudascitur‘?

238 2496 263 2534 ΓΔ)
304 2496 403 2526 Bentl.
435 2496 465 2525 in
496 2497 546 2526 ed.
577 2504 636 2526 sua
666 2505 695 2534 p.
726 2496 803 2526 480:
837 2519 844 2526 .
866 2519 873 2526 .
896 2519 902 2526 .
934 2496 994 2526 iarn
1016 2497 1098 2527 enim
1120 2505 1158 2526 ex
1177 2497 1342 2527 trochaicis
1365 2498 1449 2527 nulla
1470 2505 1571 2527 rerum
1595 2497 1764 2527 mutatione

119 2534 273 2566 iambicus
294 2535 343 2566 hic
363 2535 416 2565 fit:
436 2535 484 2565 Tu
504 2535 578 2565 mihi
599 2536 761 2573 cognatus.
782 2535 872 2566 Tolle
892 2535 1004 2572 „mihi“
1026 2537 1056 2566 et
1077 2535 1233 2566 rescribe:

374 2575 422 2605 Tu
443 2576 603 2612 cognatus,
623 2577 655 2605 tu
677 2583 801 2612 parens,
821 2577 854 2604 tu
875 2575 1004 2611 amicus,
1024 2577 1066 2605 tu.
1088 2574 1179 2606 Garri
1201 2576 1305 2606 m0d0.
