1921 2789
822 114 1015 149 -15-

193 211 426 258 Argumentis
451 210 599 246 minime
625 209 892 245 sufficientibus
919 209 963 245 H.
988 219 1133 246 versum
1160 209 1209 245 ita
1235 211 1372 245 mutare
1397 209 1497 245 vult:

194 258 406 306 Ptosapiam
432 268 549 305 usque
573 258 621 295 ab
646 258 766 294 abavo
790 259 899 304 atque
932 260 1039 295 atavo
1065 258 1263 304 proferens.

196 307 271 346 Sed
309 308 381 351 iam
416 309 630 355 argumenta
666 307 714 343 ab
750 307 821 343 hoc
858 307 936 344 viro
961 307 1071 344 docto
1108 307 1247 353 prolata
1272 309 1476 344 accuratius
1501 305 1719 353 perquiram.

81 359 112 394 l.
145 357 262 394 Havet
287 358 389 403 putat
416 358 532 400 „avo“
559 357 768 402 corruptum
794 365 876 392 esse
902 366 947 392 ex
972 356 1139 400 „abavo“
1173 358 1363 402 propterea
1387 356 1535 403 „'quand
1562 365 1611 391 on
1636 356 1721 391 veut

77 415 234 452 exposer
271 415 342 442 une
380 404 530 451 parente
568 406 667 441 entre
708 405 869 448 cousinS‚
895 407 1076 441 remonter
1100 404 1123 441 a
1148 405 1312 449 l'„avus“
1338 408 1393 442 est
1417 416 1465 442 un
1493 404 1720 441 minimum“.

76 454 122 491 At
159 455 284 491 contra
323 454 519 490 dicendum
544 455 600 490 est
625 453 891 489 substantivum
929 455 1067 497 ,‚avus“
1093 455 1162 490 hoc
1189 455 1270 490 loco
1297 455 1403 500 plane
1441 453 1719 491 accomodatum

77 511 172 546 esse,
190 511 274 538 nam
294 502 466 538 Phormio
482 502 591 537 dicit:
617 500 656 538 Si
681 502 853 537 talentum
871 511 945 537 rem
965 502 1168 547 reliquisset
1185 503 1324 545 decem,
1343 513 1489 538 omnem
1509 501 1720 548 progeniem

78 560 196 597 usque
230 549 452 597 (2deinceps)
477 549 656 596 proferres
681 550 729 586 ab
754 559 825 587 avo
850 551 885 586 et
909 550 957 586 ab
982 552 1100 594 atavo,
1138 551 1194 587 vel
1219 551 1267 587 ab
1291 560 1361 587 avo
1387 551 1565 597 proferres
1603 559 1721 595 usque

75 600 125 636 ad
162 601 319 636 atavum.
370 599 487 636 Avum
524 599 620 635 enim
658 598 842 645 Demipho
881 599 1004 645 potius
1042 600 1254 646 cognoverit
1278 609 1388 645 quam
1413 601 1572 637 abavum
1600 599 1721 644 itaque

76 658 186 685 avum
212 648 330 694 primo
356 648 439 684 loco
464 648 674 684 nominavit.
1585 660 1595 669 ν

104 697 139 734 2.
202 696 246 733 H.
286 697 424 734 iudicat
462 698 665 741 „vestram“
702 706 785 733 esse
809 706 938 733 vocem
964 696 1186 744 ambiguam,
1214 706 1296 733 cum
1323 699 1358 733 et
1382 699 1489 741 „tuos
1515 699 1550 733 et
1575 698 1719 732 tuorum

76 747 397 794 consanguineos“
415 746 596 793 significet
612 747 647 782 et
666 747 772 789 „tuos
790 747 825 782 et
842 745 1019 792 Stilponis
1045 746 1388 793 consanguineos“;
1416 748 1580 790 ‚,vestra“
1599 747 1719 782 autem

78 795 229 830 omnino
246 805 320 831 non
346 805 416 830 nos
433 795 641 830 dubitantes
657 794 753 837 facit,
770 795 837 830 sed
855 795 1040 830 notionem
1060 795 1168 830 habet
1189 796 1419 838 „communis
1437 797 1556 831 vestra
1574 795 1718 839 stirps“.

102 844 137 880 3.
184 843 300 881 Havet
316 843 403 880 dicit
419 843 678 890 ,‚progeniem“
695 843 789 879 falso
806 845 988 890 sumptam
1004 852 1098 887 esse,
1112 853 1195 879 cum
1211 844 1280 880 hoc
1294 854 1368 880 uno
1380 845 1461 881 loco
1480 843 1720 891 „progenies“

79 894 227 929 notione
252 894 420 928 concreta
446 893 523 936 „les
549 892 794 928 ascendants“
820 894 1023 938 usurpetur.
1050 892 1128 928 Nos
1154 893 1302 938 quidem
1330 903 1404 929 non
1430 902 1718 934 commovemur,

78 943 117 977 ut
141 942 211 977 hoc
228 941 379 977 verbum
399 941 448 977 ibi
466 942 634 976 concreta
652 941 799 976 notione
823 941 1025 976 adhibitum
1043 950 1125 976 esse
1144 943 1336 986 putemus.
1363 942 1494 978 Nonne
1520 941 1721 987 simplicius

77 991 133 1026 est
158 990 192 1027 ei
218 991 257 1026 ut
282 989 466 1026 abstracto
492 989 705 1026 sententiam
732 989 889 1026 familiae
915 990 971 1026 vel
997 990 1117 1037 gentis
1141 999 1360 1036 supponere.
1412 989 1467 1028 Cf.
1508 989 1583 1028 Cic.
1610 989 1719 1026 Tusc.

79 1038 102 1074 1.
135 1040 200 1075 12:
226 1038 431 1085 Antiquitas
456 1049 531 1084 quo
557 1039 709 1084 propius
735 1039 861 1074 aberat
885 1039 933 1074 ab
959 1041 1038 1075 ortu
1055 1041 1090 1075 et
1115 1039 1245 1075 clivina
1269 1040 1455 1086 progenie,
1483 1041 1552 1075 hoc
1579 1039 1720 1075 melius.

78 1085 153 1124 Cic.
180 1088 226 1124 de
252 1097 290 1124 re
316 1088 416 1133 publ.
445 1087 483 1123 ll.
514 1088 581 1123 12:
633 1087 754 1123 Nostri
781 1087 830 1123 illi
855 1088 961 1123 etiam
996 1089 1072 1123 tum
1097 1090 1258 1134 agrestes
1283 1089 1460 1131 viderunt,
1486 1089 1652 1124 virtutem
1687 1090 1722 1123 et

36 1137 40 1139 ’
75 1137 289 1183 sapientiam
325 1137 494 1184 regalem,
522 1146 595 1173 non
622 1136 833 1183 progeniem
869 1136 993 1182 quaeri
1020 1138 1209 1183 oportere;
1236 1137 1283 1173 de
1308 1148 1345 1174 re
1372 1138 1472 1183 publ.
1501 1137 1539 1173 11.
1567 1137 1634 1173 24:
1674 1136 1721 1173 Ut

77 1195 100 1221 a
137 1185 253 1231 prima
289 1186 550 1232 congressione
585 1186 696 1220 maris
734 1187 769 1220 et
805 1185 972 1228 feminae,
1007 1186 1140 1221 deinde
1178 1196 1200 1221 a
1238 1187 1412 1232 progenie
1443 1189 1477 1221 et
1503 1186 1721 1232 cognatione

77 1234 208 1269 ordiar.
259 1232 364 1281 Verg.
402 1233 490 1270 Aen.
530 1233 554 1269 1.
598 1233 660 1269 19:
699 1232 913 1280 Progeniem
953 1234 1018 1269 sed
1057 1234 1153 1270 enim
1185 1234 1346 1270 Troiano
1371 1245 1393 1270 a
1418 1235 1597 1281 sanguine
1623 1233 1720 1269 duci.

195 1281 233 1319 Si
272 1283 372 1328 apud
409 1282 616 1319 Terentium
656 1291 775 1327 neque
813 1283 1007 1329 progenies
1043 1292 1163 1328 neque
1201 1284 1373 1329 prosapia
1409 1284 1536 1319 iterum
1580 1283 1719 1329 legitur,

78 1340 154 1376 quo
180 1331 256 1367 iure
272 1340 401 1367 vocem
421 1332 662 1378 „progenies“
678 1331 779 1366 libris
795 1331 960 1367 traditam
987 1331 1100 1367 verbo
1119 1333 1338 1377 ,‚prosapia“
1365 1333 1474 1368 nobis
1500 1334 1720 1377 postponere

80 1380 192 1416 licet‘?
241 1379 296 1416 An
323 1381 424 1426 quod
450 1380 669 1429 „prosapia“
696 1381 732 1415 in
759 1379 875 1416 Plauti
901 1380 1102 1416 comoediis
1128 1381 1239 1417 semel
1275 1381 1486 1417 invenitur?

198 1429 314 1466 Havet
350 1429 570 1465 locutionem
609 1429 680 1472 „ab
717 1438 786 1465 avo
824 1430 934 1474 atque
968 1431 1099 1465 atavo“
1130 1431 1278 1465 ‘mutare
1316 1431 1392 1466 vult
1429 1431 1465 1466 in
1505 1430 1575 1473 „ab
1601 1429 1720 1465 abavo

79 1480 189 1523 atque
224 1479 379 1521 atavo“;
407 1478 475 1513 hac
503 1487 542 1513 re
569 1477 736 1513 metricae
762 1478 971 1513 exoriuntur
996 1477 1236 1521 difficultates,
1262 1488 1344 1514 cum
1371 1479 1465 1514 duas
1489 1478 1648 1525 syllabas
1685 1478 1720 1512 in

81 1526 151 1562 hoc
188 1535 295 1562 versu
335 1526 536 1562 habeamus
572 1535 873 1572 supervacaneas.
937 1524 1005 1563 Cui
1038 1527 1088 1562 rei
1118 1527 1305 1563 sanandae
1333 1527 1376 1563 H.
1403 1537 1469 1573 pro
1496 1527 1628 1563 leviore
1654 1536 1722 1562 sua

79 1575 299 1611 emendandi
323 1576 462 1611 ratione
496 1575 601 1610 facile
627 1575 763 1611 invenit
787 1575 1003 1611 consilium:
1031 1585 1233 1620 pronomen
1261 1578 1465 1619 „vestram“
1492 1578 1546 1612 est
1570 1576 1721 1612 verbum

79 1623 286 1669 suppletum
313 1624 361 1659 ab
387 1624 640 1668 interpolatore
666 1623 715 1659 ob
741 1632 896 1668 eamque
922 1633 996 1659 rem
1022 1624 1238 1660 eiciendum.
1266 1623 1480 1670 Suppletum
1507 1626 1627 1660 autem
1655 1625 1724 1659 hoc

78 1672 230 1708 verbum
269 1671 422 1708 Havetio
460 1681 542 1708 esse
577 1671 730 1715 videtur,
768 1672 870 1717 quod
909 1681 1038 1708 omnes
1081 1673 1160 1708 libri
1204 1675 1409 1716 „vestram“
1436 1674 1621 1719 praebent,
1649 1682 1722 1708 non

80 1721 312 1765 „vostram‘¹!
351 1720 455 1764 Quae
494 1730 605 1757 causa
643 1720 751 1756 nobis
789 1730 864 1756 non
890 1721 1055 1764 sufficiet,
1082 1731 1165 1757 cum
1190 1722 1328 1768 antiqui
1354 1722 1391 1757 in
1417 1724 1514 1758 recta
1540 1722 1723 1758 scribendi

79 1770 217 1805 ratione
243 1779 317 1805 non
342 1771 415 1805 tam
443 1779 590 1806 severas
616 1769 716 1815 leges
742 1770 855 1806 secuti
881 1770 953 1805 sint
977 1772 1086 1816 atque
1112 1780 1191 1806 nos.
1241 1771 1319 1817 Jam
1346 1771 1490 1807 Terenti
1516 1773 1632 1808 aetate
1658 1780 1723 1816 pro

79 1818 219 1866 syllaba
258 1818 365 1862 „vo“‚
405 1828 514 1864 quam
554 1819 689 1855 litterae
727 1829 754 1862 r,
781 1829 810 1862 s,
836 1821 850 1855 t
874 1821 1086 1864 sequuntur,
1114 1820 1253 1866 syllaba
1296 1822 1387 1863 „ve“
1414 1820 1549 1866 scripta
1573 1820 1725 1857 videtur.

79 1865 230 1913 (Confer
256 1867 390 1903 Hauler
416 1869 430 1890 ³
455 1878 489 1912 p.
516 1867 565 1903 57
590 1866 713 1913 seqq.)

199 1914 345 1959 Quibus
371 1916 494 1951 causis
519 1915 691 1951 commoti
719 1915 909 1951 lectionem
936 1916 1103 1952 traditam
1131 1916 1369 1952 servabimus.

860 1993 944 2030 397.

405 2071 477 2107 393
502 2070 546 2106 At
572 2071 602 2106 si
627 2071 799 2107 talentum
827 2081 901 2107 rem
928 2072 1132 2118 reliquisset
1158 2073 1296 2108 decem.
1325 2101 1332 2107 .
1361 2101 1369 2108 .
1397 2101 1404 2108 .

406 2120 479 2156 396
506 2119 555 2155 lta
582 2121 621 2156 ut
646 2120 760 2156 dicis!
813 2120 892 2167 Ego
917 2122 1005 2164 tum,
1031 2131 1143 2167 quom
1170 2122 1413 2164 advenissem,
1450 2122 1513 2167 qui
1541 2121 1626 2157 mihi

509 2167 677 2215 Cognata
703 2178 745 2205 ea
771 2172 879 2213 esset,
907 2169 1088 2206 dicerem:
1115 2170 1239 2206 itidem
1266 2172 1303 2206 tu
1330 2170 1408 2206 face

508 2216 627 2264 Cedo,
654 2218 716 2264 qui
742 2220 798 2255 est
822 2219 1010 2265 cognata?

199 2266 278 2303 Hoc
316 2266 352 2302 in
390 2276 497 2302 versu
538 2266 582 2302 H.
620 2267 732 2303 verba
770 2269 950 2315 „cognata
987 2270 1054 2305 ea“
1094 2268 1130 2304 in
1169 2278 1280 2304 unum
1319 2268 1470 2305 verbum
1506 2269 1725 2316 „cognatio“

84 2316 269 2359 contraxit,
297 2325 379 2351 cum
407 2314 645 2361 Demiphonti
672 2317 925 2362 propinquitas
952 2327 1034 2353 cum
1066 2318 1340 2363 consanguineo
1367 2319 1510 2354 mortuo
1536 2318 1726 2364 probanda

83 2364 140 2401 sit.
203 2363 295 2401 Mihi
328 2364 482 2411 ‘quidem
526 2365 706 2401 sententia
743 2366 813 2401 loci
851 2366 922 2402 alio
961 2368 1125 2412 spectare
1159 2367 1310 2403 videtur.
1363 2366 1542 2413 Imprimis
1567 2367 1662 2403 enim
1690 2367 1726 2403 id

47 2409 58 2418 ’”
81 2413 210 2461 agitur,
239 2415 278 2449 ut
293 2413 546 2459 propinquitas
563 2414 705 2459 puellae
722 2414 932 2458 declaretur,
958 2425 1069 2461 quam
1099 2415 1214 2451 solam
1235 2415 1418 2461 Demipho
1434 2417 1579 2462 cogitat.
1606 2415 1726 2459 Quam

82 2462 132 2497 ob
169 2471 246 2497 rem
271 2471 405 2509 genere
429 2461 605 2498 feminino
631 2462 740 2498 utitur
764 2465 980 2509 „cognata“,
1008 2473 1081 2499 non
1108 2466 1298 2511 cognatus,
1324 2465 1424 2509 quod
1451 2474 1516 2510 per
1543 2474 1584 2500 se
1610 2465 1727 2511 legem

81 2510 238 2558 logicam
250 2510 369 2558 magis
382 2511 606 2557 exprimeret.
622 2509 695 2548 Sed
709 2511 781 2554 iam
793 2512 919 2552 iterum
931 2514 1041 2558 atque
1055 2513 1202 2559 saepius
1215 2512 1344 2549 falsam
1361 2513 1501 2550 Havetii
1513 2514 1727 2550 sententiam

81 2559 264 2603 adnotavi,
290 2569 364 2605 qua
387 2560 495 2596 nimis
520 2560 751 2597 vehementer
775 2563 810 2597 et
832 2561 961 2597 iniuria
989 2561 1157 2598 Terentio
1182 2563 1344 2599 tribuerit
1357 2563 1532 2598 rationem
1560 2563 1728 2609 logicam.
