1921 2789
952 185 1030 219 164.

274 258 365 294 Aliis
391 259 478 304 quia
503 258 603 302 defit,
631 260 731 304 quod
758 261 893 303 amant,
919 261 1088 306 aegrest;
1114 259 1179 295 tibi
1206 260 1292 305 quia
1318 261 1485 306 superest
1511 260 1633 296 dolet:

274 306 408 343 Amore
434 307 618 350 abundas,
643 306 753 353 Antip
755 308 814 343 ho.

163 356 242 392 l64.
284 355 379 391 Nam
421 357 484 391 tua
525 336 673 400 quid'em
706 356 825 392 hercle
860 357 957 392 certo
995 356 1068 392 vita
1095 357 1184 391 haec
1220 356 1424 401 expetenda
1465 356 1701 401 optandaque
1741 334 1801 405 est
1862 352 1909 377 ”r

281 403 331 439 lta
357 413 415 439 me
441 404 479 439 di
506 403 600 439 bene
626 405 761 447 ament,
787 405 826 439 ut
852 403 940 439 mihi
968 404 1073 440 liceat
1098 405 1171 440 tam
1206 404 1269 440 diu
1297 404 1398 450 quod
1424 413 1510 439 amo
1535 403 1616 440 frui.

273 452 353 498 Jam
380 452 565 498 depecisci
593 454 708 488 morte
736 453 871 499 cupio:

276 510 331 545 Ad
359 519 455 555 quos
480 520 610 546 versus
637 511 706 545 hoc
733 511 853 545 solum
881 512 976 546 recte
1004 510 1048 545 H.
1075 511 1213 546 dixisse
1239 511 1403 546 videtur:
1447 508 1499 546 Ce
1525 519 1694 557 passage,
1713 510 1821 546 ainsi·
1838 511 1853 552 J

161 558 297 603 qu’une
323 558 624 593 demi-douzaine
650 559 696 593 de
722 568 805 594 vers
831 567 975 600 encore,
1003 559 1104 594 roule
1138 568 1200 593 sur
1226 568 1297 601 une
1334 558 1415 594 idee
1452 558 1734 601 fondamentale,
1773 558 1809 595 la

161 606 420 652 comparaison
438 608 538 642 entre
556 607 589 642 le
615 609 691 642 sort
716 607 784 642 des
810 607 908 642 deux
939 606 1066 652 jeunes
1083 616 1187 653 gens.
1205 606 1391 652 Antiphon
1409 616 1449 642 se
1476 606 1611 652 plaint:
1638 606 1808 643 combien
1844 612 1921 655 ⁴³31„

162 665 230 690 son
258 655 387 690 cousin
413 655 529 690 aurait
556 655 640 699 plus
666 655 698 690 le
730 655 825 690 droit
851 655 897 690 de
923 664 963 690 se
990 655 1155 699 plaindre
1171 655 1204 690 !“
1851 650 1921 733 ἐ

278 711 497 758 Priusquam
526 711 667 748 Havetii
694 712 991 748 deliberationem
1020 712 1225 748 accuratius
1251 712 1469 758 perquiram,
1488 712 1642 749 breviter
1658 713 1808 754 senten-
1860 708 1921 755 ἧς,

159 762 290 797 tiarum
330 761 508 804 ordinem,
547 761 609 806 qui
664 761 773 796 nobis
812 761 986 806 opinione
1025 770 1099 796 non
1138 763 1372 806 praesumpta
1412 761 1617 807 legentibus
1657 760 1807 797 offertur

161 819 345 855 quemque
371 810 521 855 optimis
547 809 739 846 codicibus
764 810 934 846 traditum
974 819 1104 845 omnes
1130 810 1288 845 editores
1327 819 1511 845 consensu
1549 809 1805 855 probaverunt,
1884 806 1921 842 75?

165 858 345 904 explicare
372 859 460 894 mihi
488 859 523 894 in
549 860 674 895 animo
701 861 767 895 est.
1854 849 1921 909 ,ξ

278 916 439 961 Antipho
481 926 565 952 curn
615 916 814 952 Phaedriae
858 916 1081 952 consobrino
1132 916 1302 961 queritur,
1342 916 1417 961 qui,
1459 925 1557 958 „non
1600 915 1808 962 intelleg0“,

161 965 289 1011 inquit,
316 967 374 1009 ,‚te
401 965 496 1002 adeo
515 964 693 1002 infelicem
720 974 813 1001 esse.
830 963 898 1001 Alii
926 965 1093 1001 homines
1110 964 1245 1008 dolent,
1275 965 1373 1010 quod
1387 973 1510 1001 amare
1536 973 1610 1000 non
1637 965 1804 1010 possunt,
1858 968 1876 1010 j:
1919 984 1921 986 -

160 1017 198 1049 tu
235 1024 360 1049 amore
398 1015 579 1056 abundas,
620 1015 668 1056 id,
710 1014 811 1058 quod
850 1023 979 1049 omnes
1018 1014 1185 1049 homines
1223 1013 1293 1049 sibi
1320 1015 1457 1058 optant,
1485 1023 1569 1048 nam
1597 1013 1741 1058 qualem
1766 1015 1826 1048 tur
1877 1025 1881 1029 ¹
1918 1022 1921 1045 i

159 1062 257 1108 geris
296 1062 418 1104 vitam,
458 1062 615 1096 maxime
654 1062 857 1106 expetenda
898 1063 988 1096 est.“
1042 1061 1220 1096 Particula
1247 1063 1380 1104 ‚,nam“
1406 1061 1605 1106 explicatur
1630 1060 1812 1105 sententia,

160 1120 182 1146 a
208 1110 378 1146 Terentio
405 1111 671 1156 praetermissa,
699 1120 781 1146 cum
809 1110 880 1146 iam
906 1120 1014 1146 versu
1046 1110 1113 1146 162
1139 1110 1298 1155 aliquam
1325 1111 1462 1156 partem
1489 1109 1704 1146 adumbrata
1747 1109 1805 1145 sit.
1835 1140 1840 1158 3

161 1159 246 1202 Quo
285 1160 398 1195 modo
440 1169 521 1195 mea
547 1170 592 1195 ex
617 1160 794 1195 sententia
820 1160 998 1194 hocloco
1025 1161 1157 1202 ‚,nam“
1198 1159 1407 1204 explicatur,
1446 1159 1546 1203 quod
1585 1158 1628 1193 H.
1669 1159 1808 1194 mutare
1848 1185 1850 1187 >

160 1208 247 1243 vult.
301 1207 386 1243 ltem
430 1208 466 1243 in
511 1208 693 1243 locutione
737 1209 822 1250 „tua
861 1207 934 1243 vita
976 1208 1090 1243 haec“
1134 1217 1208 1242 non
1251 1207 1459 1243 necessario
1502 1206 1546 1241 Η.
1586 1206 1831 1243 offenditurz·

161 1256 485 1292 demonstrativum
527 1257 659 1299 ‚,haec“
707 1257 776 1291 hoc
815 1256 896 1291 loco
934 1256 1034 1291 nullo
1071 1256 1183 1291 modo
1220 1256 1368 1291 alteram
1396 1256 1572 1291 monstrat
1598 1263 1805 1300 personam,
1844 1260 1921 1312 ,ἐρ

162 1305 227 1340 sed
254 1305 364 1340 vitam
384 1305 571 1350 pulchram
602 1305 784 1352 significat
803 1306 837 1341 et
851 1304 993 1340 beatam
1009 1325 1055 1329 —
1073 1306 1111 1340 ut
1128 1303 1307 1340 Phaedria
1320 1304 1543 1340 demonstrat
1557 1304 1593 1339 in
1607 1314 1640 1340 v.
1665 1304 1731 1339 162
1746 1323 1804 1347 -,

162 1363 256 1399 quae
283 1353 486 1399 expetenda
512 1356 546 1389 et
572 1354 735 1399 optanda
761 1354 817 1389 sit.

162 1401 267 1445 Quae
293 1411 376 1437 cum
420 1402 467 1437 ita
510 1403 592 1443 sint,
637 1402 776 1438 Havetii
820 1402 999 1437 sententia
1042 1401 1224 1444 refutatur,
1255 1401 1317 1446 qui
1354 1410 1420 1446 pro
1449 1401 1577 1444 ‚,nam“
1606 1401 1643 1436 in
1669 1401 1805 1436 textum
1848 1423 1851 1425 >

162 1450 288 1496 recipit
317 1450 481 1494 „minus“
512 1452 725 1498 argumenta
759 1450 904 1497 fingens
928 1450 1043 1486 haec:

283 1508 382 1546 C'est
424 1511 568 1553 „nam“,
605 1510 639 1557 je
666 1509 772 1552 crois,
815 1509 877 1555 qui
915 1511 971 1545 est
1009 1509 1041 1545 le
1068 1509 1168 1556 siege
1194 1509 1240 1545 de
1267 1509 1301 1544 la
1324 1508 1432 1544 faute.
1485 1507 1739 1554 Remplacons,
1765 1517 1809 1544 ce
1900 1526 1910 1549 3

164 1559 418 1605 monosyllabe
445 1568 510 1604 par
536 1559 568 1594 le
595 1558 810 1604 comparatis
823 1558 955 1601 minus,
982 1560 1016 1594 et
1042 1558 1064 1593 il
1084 1558 1143 1604 n'y
1168 1567 1190 1593 a
1208 1558 1291 1603 plus
1308 1557 1354 1593 de
1379 1557 1504 1593 fausse
1529 1566 1734 1603 apparence
1760 1557 1807 1593 de
1844 1563 1847 1565 ’
1901 1560 1916 1570 ”

163 1608 446 1643 raisonnement.
502 1606 655 1650 „Amore
694 1607 899 1650 abundas“‚
939 1607 1001 1652 qui
1042 1616 1166 1652 marqe
1205 1607 1240 1642 la
1276 1606 1327 1641 fin
1361 1606 1410 1642 du
1437 1606 1617 1642 canticum
1644 1605 1744 1650 libre,
1770 1607 1808 1642 et

165 1656 346 1699 „minus“‚
385 1656 448 1701 qui
475 1658 531 1692 est
557 1656 589 1691 le
616 1656 771 1701 premier
797 1657 872 1691 mot
898 1656 965 1691 des
990 1656 1195 1692 octonaires
1223 1654 1323 1688 Κατὰ
1341 1654 1464 1702 στίχον,
1483 1654 1759 1710 appartiennent
1783 1654 1808 1690 a
1843 1660 1851 1663 ”
1878 1654 1921 1703 ῑέζέ

163 1706 230 1741 des
268 1705 517 1750 propositions
556 1704 847 1750 independantes
874 1704 970 1740 l'une
996 1705 1042 1740 de
1077 1704 1213 1740 l’.autre
1268 1703 1404 1747 „Tua“‚
1431 1704 1465 1739 la
1490 1704 1547 1739 vie
1572 1702 1808 1759 d'Antiphon,

163 1754 339 1799 s'oppose
363 1753 461 1789 enfin
489 1753 511 1789 a
539 1754 633 1797 „vita
651 1754 776 1797 haec“,
803 1754 837 1789 la
862 1753 919 1789 vie
946 1753 992 1789 de
1018 1762 1086 1789 son
1113 1753 1254 1789 cousin.
1268 1732 1327 1799 ”Et
1351 1751 1456 1788 l’idee
1482 1752 1528 1788 de
1555 1751 1808 1798 comparaison
1862 1748 1921 1800 {ss-{³

166 1805 266 1839 entre
284 1803 337 1839 les
363 1803 461 1839 deux
486 1803 564 1839 vies
580 1803 729 1840 domine
748 1804 780 1839 le
806 1812 888 1839 vers
922 1803 1000 1846 164,
1028 1812 1170 1839 comme
1196 1802 1263 1838 elle
1289 1794 1437 1838 domine
1462 1803 1541 1838 tout
1567 1801 1599 1838 le
1625 1810 1806 1838 morceau.

164 1852 208 1888 H.
247 1852 355 1899 igitur
392 1862 458 1898 pro
501 1855 628 1895 „nam“
670 1852 772 1898 ponit
814 1852 1006 1896 „minus“;
1031 1854 1092 1887 tua
1118 1853 1174 1887 est
1197 1851 1269 1887 abl.
1301 1861 1422 1897 comp.
1448 1853 1483 1887 et
1507 1851 1725 1887 contrarium
1752 1852 1810 1887 est

161 1901 284 1937 verbis
313 1901 407 1944 „vita
434 1902 557 1936 haec.“
598 1901 721 1946 ltaque
756 1910 867 1944 „avec
893 1902 1203 1946 empressement“
1231 1900 1422 1936 lectionem
1449 1901 1597 1936 secutus
1634 1899 1807 1935 librorum
1867 1919 1884 1941 -ῃ

165 1948 210 1992 D,
239 1948 285 1992 G,
312 1948 446 1985 Donati
463 1950 488 1994 ¹)
516 1950 663 1985 scribit:
1854 1982 1860 1986 .

281 2008 407 2043 Minus
446 2009 508 2043 tua
547 2008 695 2053 quidem
735 2008 853 2043 hercle
890 2007 963 2043 vita
1000 2009 1095 2043 certe
1122 2008 1210 2042 haec
1249 2006 1453 2052 expetenda
1479 2007 1715 2052 optandaque
1741 2007 1854 2047 est.,<·'

286 2063 402 2102 Cuius
440 2066 708 2101 emendationis
746 2075 890 2101 summa
928 2067 983 2101 est
1025 2066 1137 2101 haec:
1190 2065 1314 2101 Minus
1343 2066 1406 2101 tua
1429 2065 1501 2101 vita
1527 2065 1665 2100 haec—
1692 2064 1729 2100 id
1754 2066 1812 2101 est
1838 2063 1907 2115 ,ζμ

169 2124 251 2150 mea
278 2134 324 2139 —-
351 2114 555 2159 expetenda
582 2116 648 2157 est,
676 2115 777 2159 quod
805 2124 868 2159 per
894 2124 935 2150 se
962 2114 1051 2149 satis
1078 2114 1211 2149 claram
1237 2115 1273 2149 et
1299 2113 1525 2159 probabilem
1552 2113 1698 2149 exhibet
1722 2122 1809 2150 sen·
1837 2113 1857 2138 ‚⁷
1919 2140 1921 2145 .

162 2163 323 2206 tentiam,
363 2163 512 2198 minime
548 2164 669 2198 autem
697 2173 741 2198 ex
780 2164 910 2208 poetae
947 2162 1069 2198 verbis
1095 2163 1290 2207 sumptam,
1317 2162 1394 2198 sed.
1423 2161 1467 2197 H.
1494 2171 1539 2197 ex
1564 2171 1632 2198 sua
1657 2160 1830 2198 libidiner

168 2221 276 2247 versu
302 2212 510 2257 composito
537 2213 666 2257 poetae
693 2221 772 2248 eam
813 2212 1018 2257 supposuit.
1072 2210 1194 2254 Quare
1220 2211 1350 2247 eodem
1377 2210 1500 2247 studio
1524 2212 1634 2256 atque
1668 2209 1810 2254 ardore,
1862 2223 1907 2256 2³22

163 2270 238 2306 quo
257 2260 427 2297 incitatus
454 2260 500 2300 H.
519 2270 623 2296 suam
650 2270 778 2297 versus
796 2261 950 2297 formam
970 2260 1066 2307 legit,
1094 2270 1162 2296 nos
1192 2260 1326 2306 potius,
1345 2269 1454 2306 quam
1482 2260 1609 2305 optimi
1635 2259 1812 2305 praebent
1843 2257 1917 2301 25³2.

162 2308 316 2346 formam
344 2309 437 2353 libri,
463 2309 672 2346 tenebimus
697 2312 808 2356 atque
834 2309 1087 2346 servabimus:

282 2358 376 2394 Nam
403 2361 465 2394 tua
491 2359 640 2404 quidem
668 2359 788 2395 hercle
815 2361 913 2394 certo
938 2359 1011 2394 vita
1038 2359 1127 2394 haec
1154 2358 1358 2403 expetenda
1384 2357 1620 2403 optandaque
1647 2358 1713 2393 est*

246 2443 269 2481 ¹)
289 2444 342 2481 qui
362 2452 424 2473 una
444 2445 540 2474 verba
563 2446 666 2480 „certo
686 2444 766 2474 vita“
789 2446 998 2482 transponunt
1027 2444 1058 2474 in
1082 2443 1162 2480 „vita
1182 2445 1295 2474 certo.“
1337 2443 1427 2479 Quae
1446 2443 1531 2474 varia
1551 2442 1643 2474 lectio
1663 2442 1847 2473 codicum

165 2490 228 2513 non
249 2482 325 2513 tanti
345 2483 541 2513 aestimanda
572 2484 631 2519 est,
662 2484 695 2513 ut
715 2483 846 2513 aliorum
867 2483 1016 2513 librorum
1038 2482 1203 2513 lectionem
1224 2483 1343 2513 mutare
1363 2490 1423 2512 nos
1443 2483 1597 2520 oporteat.
1636 2481 1715 2512 Nam
1734 2481 1808 2513 talis

162 2521 309 2552 facillima
329 2521 532 2559 transpositio
553 2521 744 2559 saepissime
762 2523 792 2552 et
813 2530 915 2559 paene
935 2522 965 2552 in
987 2522 1135 2552 omnibus
1155 2521 1317 2552 codicibus
1338 2520 1499 2552 invenitur.
1840 2521 1854 2530 ³
