1921 2789
393 205 901 299 Quaestiones
953 207 1460 284 Terentianae.

895 324 963 354 Von

516 379 653 418 ALOIS
680 381 839 427 PAPLA,
866 383 899 419 k.
927 384 959 420 k.
994 383 1336 432 Gymnasiallehrer.

225 467 264 504 In
289 467 484 505 annalibus
512 466 657 512 „Revue
674 470 721 507 de
737 471 935 519 philologie
950 473 997 509 de
1014 472 1207 510 litterature
1238 475 1272 510 et
1297 473 1484 510 d’histoire
1509 473 1744 517 anciennes“‚

131 517 178 555 ol.
203 516 320 560 XXV„
347 516 456 553 Louis
483 516 598 573 Havet
621 519 668 555 de
694 519 850 557 Terentii
889 520 1108 558 Phormione
1146 522 1340 566 disseruit;
1379 522 1484 558 cuius
1510 523 1670 559 rationes
1707 522 1745 558 in

103 565 347 615 emendandis
384 567 420 602 et
454 566 574 602 eutice
611 569 807 606 tractandis
845 570 1012 607 versibus
1043 570 1228 607 adhibitae
1254 573 1373 607 utrum
1398 572 1494 607 recte
1520 571 1592 607 sint
1618 580 1745 614 necne,

109 615 303 653 ostendere
329 614 416 651 mihi
444 617 632 661 proposui.

223 663 302 710 Jam
328 664 365 699 in
402 664 503 699 initio
529 664 617 702 mihi
643 666 679 702 in
707 667 915 704 universum
942 668 1062 703 dicere
1099 668 1203 704 liceat
1230 668 1421 704 Havetium
1449 678 1584 715 magno
1601 669 1749 704 arbitrio

105 712 230 749 critica
254 712 392 748 ratione
418 722 525 748 usum
552 722 655 758 esse;
681 716 804 761 itaque
828 726 946 761 paene
971 716 1108 762 ubique
1133 717 1212 752 eius
1238 718 1513 753 emendationes
1538 719 1576 753 ut
1600 716 1749 753 arbitrio

123 762 247 798 antum
273 763 309 797 et
332 760 516 797 voluntate
549 760 699 799 ellicitas
723 764 868 800 abicere
892 766 1041 801 coactus
1067 775 1160 801 sum.

64 818 67 821 ’
227 808 300 846 Sed
326 809 397 845 iam
425 817 621 855 pergamus
645 813 693 849 ad
719 822 795 849 rem
821 813 1070 850 tractandam:

896 892 955 928 60.

499 970 643 1015 Quoius
667 974 706 1006 tu
731 970 842 1006 fidem
870 970 906 1005 in
932 970 1089 1016 pecunia
1115 971 1354 1016 perspexeris,

497 1021 628 1057 Verere
654 1020 686 1056 ei
712 1019 823 1055 verba
849 1019 1027 1055 credere?

225 1070 400 1107 Havetius
435 1069 629 1106 verborum
666 1068 829 1104 ordinem
871 1068 1061 1103 immutare
1097 1067 1183 1110 vult,
1221 1067 1321 1113 quod
1353 1067 1388 1103 in
1416 1068 1485 1103 hoc
1511 1077 1619 1103 versu
1647 1068 1746 1103 nulla

128 1121 207 1159 ecta
232 1129 383 1156 caesura
408 1121 473 1155 est.
526 1117 649 1161 Quare
673 1117 747 1153 veri
773 1115 889 1152 simile
915 1126 997 1152 esse
1022 1116 1231 1152 Terentium
1258 1116 1473 1162 scripsisse:

178 1193 181 1196 -
532 1166 647 1204 Cuius
671 1167 710 1202 tu
734 1165 845 1202 fidem
873 1165 1062 1211 perspexis
1092 1165 1128 1200 in
1154 1165 1321 1211 pecunia.

64 1256 84 1264 ,y
222 1217 429 1261 Terentium
468 1216 505 1251 in
542 1224 651 1252 versu
691 1214 836 1250 senario
867 1214 1081 1260 plerumque
1105 1215 1140 1249 et
1165 1223 1316 1249 caesura
1342 1216 1426 1260 post
1450 1214 1589 1250 tertiam
1616 1213 1748 1257 thesin,

62 1274 81 1300 μ’
97 1267 131 1303 ’ἰ.
145 1276 176 1303 e.
191 1266 448 1311 semiquinaria
464 1264 723 1312 (πενθημιμερῆς)
751 1265 786 1299 et
798 1272 950 1299 caesura
965 1263 1263 1308 semiseptenaria
1274 1262 1524 1310 (ἑφθημψερῆς)
1543 1272 1651 1298 usum
1665 1272 1748 1299 esse

64 1305 204 1360 Rggsc'erte
230 1315 381 1350 constat.
433 1312 525 1350 Sunt
550 1315 671 1349 autem
699 1312 862 1347 nonnulli
889 1321 1029 1354 versuS‚
1058 1311 1121 1356 qui
1147 1311 1205 1346 his
1230 1312 1391 1347 caesuris
1420 1314 1564 1355 carent;
1591 1312 1693 1357 quod
1718 1312 1750 1348 si

70 1359 167 1401 'xta
196 1365 261 1406 est,
299 1371 428 1398 versus
466 1362 572 1397 aliam
610 1361 758 1406 praebet
788 1362 1014 1396 structuram.
1066 1359 1159 1395 Nam
1191 1362 1275 1404 post
1300 1360 1502 1396 secundum
1529 1360 1661 1405 pedem
1687 1362 1751 1396 aut

108 1413 195 1460 post
219 1410 418 1448 secundam
444 1409 563 1446 thesin
590 1411 624 1446 et
650 1411 816 1455 quartum
844 1408 974 1454 pedem
1000 1418 1074 1445 vox
1102 1408 1235 1451 finitur,
1262 1410 1300 1445 ut
1325 1408 1493 1445 videmus
1518 1408 1555 1444 in
1581 1419 1614 1444 v.
1641 1409 1691 1445 60
1715 1410 1751 1445 et

225 1533 258 1592 v.
285 1557 357 1591 457
372 1567 380 1591 :

407 1506 507 1550 Quot
534 1507 715 1549 homines,
740 1507 792 1541 tot
816 1505 1041 1549 sententiae;
1069 1514 1158 1540 suos
1184 1505 1346 1551 quoique
1373 1514 1465 1540 mos.

568 1603 646 1650 Ego
671 1603 829 1649 amplius
863 1602 1139 1639 deliberandum
1165 1613 1311 1640 censeo.

128 1674 149 1691 μ
223 1650 334 1691 Ouod
372 1654 491 1690 autem
531 1652 646 1690 Havet
684 1652 834 1689 omnino
873 1661 947 1688 non
986 1651 1286 1689 animadvertisse
1326 1651 1479 1689 videtur.
1531 1650 1646 1689 Immo
1669 1651 1748 1689 fieri

21 1701 51 1753 ῥ’
107 1699 238 1751 potuit,
273 1704 312 1744 ut
336 1702 527 1739 Terentius
557 1701 710 1738 consilio
747 1710 872 1737 verum
899 1701 1063 1737 ordinem
1090 1710 1259 1737 versuum
1287 1701 1517 1746 sequentium
1544 1701 1752 1748 neglegeret

53 1752 60 1763 ³
132 1753 147 1789 t
170 1751 329 1788 sermoni
355 1750 540 1787 cotidiano
564 1750 804 1795 familiarique
829 1751 949 1785 locum
990 1750 1174 1795 quendam
1202 1750 1428 1785 concederet.
1480 1748 1610 1785 Parum
1638 1750 1748 1786 etiam

105 1800 299 1852 probabile
324 1801 379 1836 est
405 1799 441 1835 in
467 1808 542 1834 uno
567 1799 772 1843 eodemque
795 1808 903 1834 versu
929 1798 1093 1834 ordinem
1119 1798 1312 1834 verborum
1340 1798 1568 1834 immutatum
1607 1801 1642 1834 et
1680 1808 1747 1845 pro

191 1844 207 1885 “.
232 1848 350 1884 forma
376 1847 565 1894 perspexis
593 1847 862 1893 „perspexeris“
891 1847 1064 1892 scriptum
1103 1856 1196 1883 esse.

228 1895 267 1934 Si
290 1896 480 1933 Terentius

525 1945 650 1988 „cuius
676 1945 714 1980 tu
739 1944 851 1980 fidem
878 1944 1069 1990 perspexis
1095 1944 1132 1980 in
1159 1944 1335 1989 pecunia“

178 1994 222 2032 H.
247 1994 335 2038 vult,
374 1993 592 2040 scripsisset,
630 1995 724 2029 certe
766 2002 894 2029 versus
920 1995 1054 2030 rectam
1081 2002 1269 2029 caesuram
1295 1993 1487 2030 continens
1514 1993 1562 2029 ita
1587 1995 1754 2030 servatus

203 2045 238 2088 t;
276 2052 360 2080 nam
399 2043 504 2079 nullo.
538 2042 651 2079 modo
687 2042 804 2079 forma
844 2042 1075 2088 „perspexis“
1119 2041 1304 2079 offendere
1331 2042 1470 2088 potuit;
1495 2042 1586 2079 tales
1612 2043 1754 2088 priscae

192 2092 315 2131 nitatis
337 2092 476 2129 formas
500 2092 600 2139 apud
624 2091 831 2128 Terentium
859 2092 1009 2138 saepius
1034 2091 1214 2139 legimus:
1239 2091 1458 2137 appellassis
1484 2091 1630 2128 Phorm.
1657 2092 1753 2136 742;

195 2152 232 2178 m
257 2141 358 2178 Eun.
376 2142 450 2177 884
473 2143 510 2177 et
534 2141 631 2177 904:
657 2141 742 2177 faxo
767 2139 878 2178 Andr.
903 2141 988 2183 854,
1015 2140 1106 2176 Eun.
1142 2140 1226 2182 285,
1252 2140 1336 2183 663,
1365 2140 1471 2176 Haut.
1497 2141 1580 2183 341,
1607 2140 1755 2176 Phorm.

188 2218 199 2234 ,
229 2190 332 2232 1028,
363 2189 467 2232 1055,
492 2188 560 2225 Ad.
587 2189 671 2232 209,
695 2189 793 2232 847;
816 2189 928 2224 faxim
954 2188 1021 2224 Ad.
1048 2189 1132 2233 887,
1158 2189 1255 2233 896;
1280 2188 1374 2224 faxis
1398 2188 1508 2225 Andr.
1537 2189 1619 2232 753,
1647 2189 1755 2225 Haut.

31 2267 37 2278 .
61 2267 65 2270 -
143 2280 145 2282 ,
200 2250 209 2284 ;
234 2237 323 2276 faxit
349 2237 455 2275 Haut.
488 2237 567 2281 198,
586 2236 732 2275 Phorm.
749 2237 845 2282 554;
870 2236 985 2275 faxint
1002 2236 1107 2274 Haut.
1138 2236 1219 2281 161,
1247 2236 1334 2275 Hec.
1366 2237 1445 2281 102,
1470 2237 1567 2282 354;
1592 2238 1756 2275 excessis

110 2286 224 2332 andr.
250 2286 333 2325 760.
383 2285 457 2331 Qui
474 2296 603 2324 versus
627 2286 839 2333 scriptorem
855 2287 912 2324 vel
937 2285 1212 2334 grammaticum
1227 2288 1384 2323 veterem
1411 2296 1485 2323 non
1510 2287 1753 2332 offenderunt,

104 2336 303 2387 {ry-nostro
321 2345 435 2374 versu
461 2335 543 2374 solo
568 2335 658 2372 illud
686 2335 955 2379 „consciement
981 2345 1030 2372 ou
1049 2337 1145 2371 non“
1173 2335 1307 2372 factum
1333 2345 1416 2372 esse
1442 2337 1544 2382 putat
1570 2336 1614 2372 H.
1640 2335 1753 2379 Quod

205 2386 366 2423 mentum
401 2394 475 2421 non
500 2384 681 2431 intellego.

231 2433 343 2478 Quod
367 2434 415 2470 ad
441 2433 562 2470 stilum
589 2433 753 2479 pertinet,
780 2442 826 2469 ne
851 2433 889 2469 id
915 2433 1064 2478 quidem
1092 2433 1266 2469 momenti
1305 2433 1392 2469 mihi
1418 2442 1500 2469 esse
1538 2433 1681 2469 videtur
1717 2434 1755 2470 in

221 2492 331 2525 ,versu
370 2481 523 2518 verbum
568 2481 817 2528 „perspicere“
857 2482 1061 2517 seiunctum
1100 2490 1182 2517 esse
1219 2491 1242 2517 a
1276 2491 1314 2517 re
1340 2481 1484 2518 obiecta
1511 2482 1692 2526 „fidem“;
1719 2482 1757 2518 id

203 2528 377 2581 e‘parum
405 2532 550 2578 poetam
579 2530 785 2577 respexisse
810 2529 951 2576 opinor.
