1921 2789
859 92 1053 127 -12-

120 196 211 222 cum
240 186 375 222 Hauler
400 188 473 222 tam
500 197 630 233 graves
657 196 789 223 causas
815 188 948 223 summi
976 188 1149 224 momenti
1176 188 1374 233 protulerit.
1406 187 1432 234 ¹)
1459 187 1637 224 Minime!
1680 187 1786 238 Nam—

124 235 320 271 lectionem
349 235 480 271 falsam
499 245 582 272 esse
600 235 688 272 dicit
712 237 747 271 et
772 245 900 272 versus
918 237 1132 274 sententiam
1160 236 1327 272 deficere.
1356 236 1410 281 ,,Α
1436 237 1523 282 quoi
1551 238 1638 282 peut
1663 225 1776 273 servir

130 284 190 327 ‚,in
243 284 421 329 pistrino“
465 286 573 330 apres
628 285 889 327 ‚,“molendum
907 285 927 320 ’ἓ
980 283 1079 321 C’est
1124 295 1171 320 au
1215 286 1353 321 moulin
1397 296 1446 330 qu
1451 285 1510 321 ’on
1554 286 1679 328 moud,
1723 285 1776 321 les
1814 283 1817 287 ’

128 334 355 377 spectateurs
383 332 414 368 le
441 335 568 369 savent
594 333 679 368 bien
707 342 794 368 sans
820 342 892 379 que
927 333 1088 369 Terence
1115 333 1147 369 le
1174 333 1251 369 leur
1275 333 1367 369 dise.
1394 333 1437 369 Et
1476 335 1641 379 ‚,usque“
1685 333 1778 370 n’est

131 391 199 427 pas
236 381 334 417 clair.
372 381 612 425 „Molendum
650 384 792 428 usque“
831 384 924 419 veut·
937 382 959 418 il
998 382 1075 419 dire
1111 382 1223 428 qu’on
1252 383 1364 419 moud
1391 392 1479 419 sans
1506 381 1777 429 interruption?

132 431 221 465 c’est
247 431 531 477 physiquement
550 432 778 476 impossible,
798 442 857 473 ou,
887 432 917 466 si
944 432 976 466 le
1003 442 1089 467 sens
1115 434 1170 467 est
1196 431 1386 477 e'lastique,
1413 432 1502 467 c‘est
1527 441 1614 467 sans
1639 431 1776 467 interet.

131 478 286 563 Fatitzild
306 480 479 515 entendre
526 489 666 525 „usque
709 480 745 514 in
785 480 960 525 pistrino“
977 480 997 515 ἶ)
1039 478 1091 516 Ce
1134 480 1243 516 serait
1284 489 1448 527 appuyer
1492 489 1554 515 sur
1596 489 1668 515 une
1699 488 1777 515 rare

133 537 192 573 pa
209 538 219 563 1
238 538 259 563 u
289 537 320 563 e.
349 557 357 564 .
387 557 394 564 .
424 557 432 564 .

249 576 290 613 H.
335 577 371 611 in
410 577 580 617 eundem,
619 586 728 621 quem
755 577 904 622 saepius
939 578 1209 620 adnotavimus,
1241 577 1367 613 incidit
1393 587 1561 620 errorem,
1601 578 1639 612 ut
1676 576 1775 621 apud

131 626 275 670 poetam
303 626 483 660 comicum
511 625 732 660 artissimum
752 626 1010 661 sententiarum
1037 635 1243 662 connexum
1270 627 1430 671 quaerat.

251 673 523 717 ‚,Molendumst
548 674 585 709 in
612 674 788 719 pistrino“
816 676 910 710 certe
937 684 1043 711 servo
1069 675 1285 721 gravissima
1318 684 1438 720 poena
1475 676 1541 717 est,
1581 683 1690 719 quam
1728 673 1777 709 ob
1821 706 1826 711 .
1869 651 1906 715 ᾗ,

133 732 205 758 rem
244 722 363 758 fusius
401 725 435 759 et
472 724 563 759 ultra
602 723 752 758 modum
792 723 1001 769 explicatur.
1055 722 1264 760 Secundum
1304 724 1421 770 legem
1458 723 1614 769 logicam
1641 722 1778 758 scilicet

137 774 300 816 „usque“
341 772 376 806 in
414 772 525 807 verba
565 772 780 816 „habendas
815 773 1040 818 ,compedes“
1079 773 1208 808 melius
1234 772 1439 818 quadraret.
1492 771 1608 808 Havet
1631 780 1776 808 versum

134 821 200 856 hac
227 820 343 856 forma
370 821 567 857 constituta
592 821 702 867 legit:

275 869 503 914 Molendum,
530 870 803 915 vapulandum;
831 870 1023 906 habendae
1051 880 1167 915 usque
1195 870 1231 905 in
1257 870 1410 916 pistrino
1437 869 1637 915 compedes

250 918 329 953 Tali
368 921 489 954 autem
529 919 640 954 modo
674 919 710 954 in
744 928 890 954 versum
918 919 1053 964 optime
1079 919 1249 954 traditum
1276 919 1398 954 critica
1424 919 1562 954 ratione
1589 926 1662 953 non
1690 918 1779 962 puto

136 976 218 1002 esse
254 967 630 1010 animadvertendum,
670 967 880 1013 praesertim
921 978 1003 1003 cum
1043 968 1212 1011 rationes,
1250 977 1343 1013 quas
1381 967 1423 1003 H.
1463 967 1537 1003 vitii
1573 965 1777 1012 explicandi

134 1025 247 1051 causa
286 1016 446 1062 praebet,
485 1017 632 1052 minime
670 1019 796 1052 natura
834 1017 951 1059 datae,
992 1027 1110 1062 neque
1145 1018 1217 1053 ullo
1253 1017 1365 1053 modo
1403 1017 1480 1053 veri
1506 1016 1644 1052 similes
1670 1016 1777 1051 sunt:

137 1065 240 1100 Initio
279 1075 424 1101 versum
469 1075 551 1101 esse
593 1066 783 1111 omissum,
828 1067 903 1101 tum
959 1065 1052 1101 falso
1107 1066 1188 1101 loco
1243 1066 1416 1101 insertum
1460 1067 1523 1101 aut
1565 1073 1707 1109 „usque
1741 1063 1778 1099 in

137 1113 312 1158 pistrino“
356 1114 547 1156 omissum,
587 1116 715 1159 postea
753 1114 846 1149 falso
900 1114 947 1149 ad
1001 1114 1262 1157 ,‚molendum“
1303 1114 1455 1149 relatum
1498 1122 1591 1156 esse,
1631 1122 1705 1148 non
1730 1111 1779 1147 ad

136 1162 350 1204 „habendas
400 1163 635 1208 compedes,“
688 1163 788 1208 quod
841 1164 976 1198 rectum
1028 1163 1084 1198 sit.
1136 1162 1214 1198 Tali
1266 1163 1415 1205 ratione,
1468 1163 1613 1207 qualem
1665 1160 1780 1196 Havet

128 1211 348 1256 saepissime
375 1211 533 1256 proferre
559 1213 667 1254 amat,
694 1211 831 1246 scilicet
857 1212 980 1246 omnia
1006 1211 1185 1256 explicare
1213 1221 1423 1256 possumus.

914 1289 997 1324 266.

408 1356 473 1392 Hic
502 1357 537 1392 in
565 1356 719 1399 noxiast,
747 1356 804 1392 ille
831 1356 878 1392 ad
906 1356 1174 1393 defendendam
1202 1366 1350 1393 causam
1389 1356 1504 1393 adest.

255 1406 303 1441 Ita
340 1406 487 1442 exhibet
526 1406 596 1442 cod
633 1405 673 1442 Α.
713 1405 818 1449 Quae
861 1406 967 1442 lectio
993 1407 1123 1442 tradita
1149 1416 1231 1442 cum
1262 1406 1419 1443 metricis
1445 1406 1491 1442 de
1518 1405 1641 1442 causis
1666 1404 1778 1441 teneri

135 1465 206 1489 non
234 1456 363 1499 possit,
391 1454 566 1490 Dziatzko
594 1456 837 1490 coniecturam
866 1454 1020 1490 Palmeri
1051 1455 1078 1501 ²)
1097 1456 1339 1498 ,„dicendam“
1367 1465 1433 1500 pro
1461 1454 1778 1497 ,‚defendendam⁴‘

126 1503 282 1548 accepit.
352 1502 437 1546 Quo
485 1504 566 1539 loco
611 1503 745 1539 Hauler
775 1503 804 1550 ³)
846 1504 1020 1549 optimam
1065 1504 1284 1539 emendandi
1326 1504 1421 1539 viam
1465 1503 1653 1550 ingressus
1696 1511 1779 1538 esse

132 1552 283 1588 videtur.
336 1551 429 1589 Cum
473 1551 597 1588 DFEP
635 1552 696 1598 (cf.
734 1555 768 1588 et
808 1552 1108 1588 Pseudo-Ascon.
1149 1553 1183 1588 in
1210 1551 1275 1589 Cic
1300 1552 1436 1588 Verrin.
1464 1562 1499 1597 p.
1525 1552 1598 1587 212
1625 1551 1716 1595 „Hic
1742 1551 1778 1586 in

135 1610 232 1636 noxa
257 1603 323 1643 est,
352 1601 409 1636 hic
436 1601 482 1636 ad
510 1600 777 1637 defendendam
807 1610 955 1636 causam
983 1600 1127 1646 adest“)
1155 1602 1298 1644 „noxa“
1334 1601 1543 1646 praebeant,
1571 1601 1632 1643 „in
1659 1601 1778 1635 noxa“

135 1649 292 1684 scribere
326 1651 495 1695 praestat.
562 1649 631 1685 Pro
671 1649 828 1693 ‚,noxia“
867 1649 972 1684 facile
1011 1651 1154 1692 „noxa“
1194 1649 1281 1695 poni
1318 1649 1434 1695 potuit
1470 1650 1617 1695 propter
1642 1648 1716 1684 vim
1745 1649 1779 1683 et

136 1699 350 1744 scripturam
379 1698 612 1734 simillimam.
682 1699 800 1734 Noxia
827 1701 861 1734 et
887 1708 982 1734 noxa
1008 1699 1188 1735 vocabula
1214 1699 1391 1735 sententia
1428 1698 1584 1734 maxime
1611 1698 1702 1733 inter
1739 1706 1779 1733 se

135 1749 329 1783 coniuncta
355 1758 437 1783 esse
464 1750 547 1792 apte
575 1748 735 1783 ostendit
762 1747 806 1784 O.
836 1748 959 1794 Heyus
988 1747 1106 1793 (Stud.
1135 1758 1268 1784 semas.
1296 1750 1382 1783 sect.
1410 1747 1459 1793 V)
1503 1747 1778 1790 „noxia—noxa“

136 1796 171 1831 in
199 1796 292 1832 Nov.
319 1806 404 1831 ann.
432 1797 503 1831 vol.
531 1796 649 1832 XVIII.
678 1797 799 1842 suppl.
833 1797 935 1838 1892,
963 1806 997 1842 p.
1031 1797 1108 1833 187.
1137 1796 1308 1843 Legimus
1334 1805 1444 1843 ergo:

421 1845 488 1881 Hic
516 1846 551 1881 in
580 1848 722 1889 noxast,
751 1846 808 1882 ille
834 1846 1181 1886 adddefendundam
1202 1855 1350 1882 causam
1379 1845 1493 1882 adest.

257 1893 342 1936 Qua
383 1896 522 1930 ratione
558 1905 687 1930 versus
726 1895 937 1930 difficultate
964 1896 1111 1930 metrica
1138 1895 1308 1930 liberatur
1334 1897 1368 1930 et
1395 1895 1585 1930 lectionem
1612 1893 1778 1928 traditam
1838 1883 1841 1884 ⁷

135 1943 296 1988 proxime
324 1943 497 1988 sequitur.
551 1941 836 1979 Coordinatione
863 1944 1017 1979 duarum
1045 1944 1332 1979 enuntiationum
1361 1952 1435 1978 non
1475 1942 1707 1984 offendimur,
1733 1940 1804 1976 eff

133 1991 281 2027 Kijhner
312 1991 363 2034 ll.,
401 2002 435 2037 p.
464 1992 545 2027 756.
598 1991 735 2027 Tamen
764 1992 879 2027 Havet
920 1992 1111 2027 confirmat
1149 1992 1230 2035 „hic
1270 1992 1306 2027 in
1345 1990 1521 2037 noxlssi)ast
1559 1989 1686 2026 n'offre
1713 1998 1780 2035 pas

256 2069 277 2103 ¹)
309 2068 362 2098 Ex
394 2067 465 2098 Ter.
497 2068 735 2104 consuetudine,
767 2075 829 2105 qua
861 2069 989 2098 verbum
1018 2068 1166 2098 auxiliare
1197 2077 1267 2098 cum
1299 2068 1399 2105 primo
1420 2069 1561 2098 membro
1582 2066 1779 2097 coniunctum

134 2108 227 2138 etiam
250 2108 335 2144 apud
357 2106 535 2144 posteriora
557 2107 715 2144 repetitur,
737 2115 798 2136 non
820 2106 880 2136 dici
903 2107 973 2137 licet
996 2108 1241 2142 ,‚“molendumst
1264 2108 1377 2137 solum.
1398 2106 1501 2144 (Conf.
1521 2106 1579 2136 Ad.
1612 2106 1689 2136 425;
1720 2106 1780 2136 hoc

131 2147 291 2184 salsumst,
313 2147 373 2177 hoc
395 2146 583 2182 adustumst,
604 2147 664 2176 hoc
686 2147 833 2176 lautumst
855 2149 983 2183 parum;
1005 2145 1062 2176 Ad.
1082 2146 1160 2176 474:
1195 2146 1373 2184 ignotumst,
1394 2146 1559 2182 tacitumst,
1590 2144 1780 2182 creditumst,

132 2187 220 2225 iurgu
241 2194 280 2216 ex
301 2194 359 2222 eo;
394 2185 470 2218 Hec.
501 2185 579 2215 202.
601 2185 682 2216 Viris
713 2194 765 2215 ess
768 2194 785 2216 e
815 2186 969 2216 advorsas
999 2193 1100 2223 aeque
1121 2186 1298 2222 studiumst‚
1320 2185 1430 2216 similis
1452 2184 1674 2223 pertinaciast.)
1712 2183 1780 2214 Alia

132 2234 170 2255 ex
202 2227 289 2262 parte
320 2225 351 2254 in
384 2225 469 2255 brevi
491 2227 586 2262 atque
607 2225 720 2269 vigenti
741 2224 939 2254 describendi
971 2225 1090 2254 ratione
1111 2226 1224 2262 copula
1247 2227 1355 2260 ‚,“esse
1378 2225 1497 2254 omissa
1517 2225 1610 2261 plane
1629 2225 1702 2261 apte
1732 2224 1781 2254 est

132 2264 182 2300 (cf.
204 2272 231 2293 v.
252 2264 309 2293 80:
341 2264 457 2293 Noster
478 2263 549 2293 mali
582 2263 622 2292 nil
644 2263 811 2307 quicquam
833 2263 955 2300 primo),
978 2263 1158 2300 partIculam
1179 2265 1282 2293 autem
1307 2265 1457 2301 ,‚“usque,
1477 2271 1559 2300 quae
1580 2269 1778 2300 nequaquam
1821 2288 1825 2291 Δ

134 2303 174 2333 ita
194 2302 418 2339 frequentatur,
439 2302 587 2332 insertam
610 2310 683 2332 esse
706 2302 830 2332 minime
851 2302 913 2332 veri
937 2302 1037 2332 simile
1059 2304 1115 2332 est.
1136 2301 1187 2339 (cf
1209 2302 1324 2332 Hauler
1345 2311 1374 2340 p.
1395 2302 1475 2340 201).

252 2360 274 2397 ’ἢ
296 2359 420 2391 Gruteri
441 2360 492 2390 fax
513 2360 617 2391 critica
638 2360 687 2390 IV.
732 2361 836 2390 851:

209 2400 265 2430 Hic
287 2400 317 2429 in
341 2400 434 2430 noxia
456 2401 513 2436 est,
535 2399 585 2430 ille
605 2400 646 2430 ad
667 2369 833 2430 dicendam
854 2408 981 2430 causam
1003 2400 1111 2430 adest:

208 2439 261 2469 Sic
282 2438 364 2469 enim
385 2439 606 2469 scribendum:
628 2439 745 2476 quippe
767 2440 807 2469 de
834 2439 950 2468 iudicio
971 2439 1107 2476 loquitur
1127 2441 1157 2469 et
1178 2447 1294 2469 causae
1315 2438 1459 2469 dictione.

250 2478 275 2516 8)
296 2478 420 2514 Hauler,
451 2487 480 2516 p.
511 2478 570 2508 200
599 2479 639 2508 ad
672 2479 700 2507 h.
732 2487 758 2507 v
820 2478 868 2508 Ich
899 2479 1022 2508 behalte
1053 2478 1150 2508 lieber
1184 2478 1235 2508 die
1256 2477 1513 2514 Ueberlieferung
1534 2476 1584 2507 bei
1606 2476 1670 2506 und
1690 2475 1780 2507 ziehe

132 2517 242 2553 ferner,
262 2517 304 2546 da
324 2517 378 2551 ille
399 2518 447 2546 als
467 2517 571 2547 brevis
592 2516 746 2553 brevians,
767 2516 826 2546 wie
846 2525 882 2547 es
902 2517 1032 2554 scheint,
1047 2516 1100 2546 mit
1116 2516 1211 2548 Recht
1232 2516 1405 2547 bezweifelt
1424 2515 1512 2552 wird,
1533 2515 1584 2546 die
1605 2515 1779 2546 Aufnahme
1839 2542 1845 2544 .
1869 2530 1882 2539 a
1896 2501 1911 2533 .}

129 2565 192 2587 von
214 2564 296 2586 noxa
317 2558 374 2587 der
394 2556 565 2594 Konjektur
578 2555 750 2586 Palmerius
772 2564 836 2586 vor.
