1921 2789
1196 0 1206 11 ³
1218 0 1347 23 τινες

299 190 404 234 Quae
441 201 524 226 cum
564 191 624 226 ita
650 192 733 233 sint,
772 191 870 226 haud
896 191 1111 226 crediderim
1136 191 1345 227 Terentium
1372 192 1474 228 aliter
1499 193 1691 239 scripsisse
1702 195 1778 248 atq

179 239 354 275 omnibus
391 239 584 275 codicibus
625 240 800 283 traditur;
851 239 974 284 itaque
1000 239 1192 275 lectionem
1219 239 1410 276 codicibus
1435 242 1612 277 servatam
1639 240 1774 288 recipia

927 317 1084 353 73—78.

300 385 420 421 Lectio
448 386 531 421 cod.
560 385 752 420 Bembini:
803 420 806 424 ,

466 435 509 469 71
541 432 657 469 Geta:
708 432 895 469 Abeuntes
920 433 1032 468 ambo
1052 433 1109 469 hic
1135 435 1210 469 tum
1239 443 1349 470 senes
1375 444 1432 470 me
1457 434 1543 470 filiis

538 482 759 527 Relinquont
785 482 890 527 quasi
917 482 1142 528 magistrum.
1171 482 1317 518 Davus:
1346 482 1379 519 Ο
1410 482 1516 526 Geta,
1556 484 1780 530 provinciam
1817 535 1822 540 “

467 541 513 577 73
540 539 679 586 Cepisti
705 540 858 585 duram;
885 538 1010 587 (Geta)
1036 540 1085 576 mi
1111 550 1203 577 usus
1230 541 1341 585 venit,
1369 542 1438 578 hoc
1462 542 1565 586 scio;

536 589 688 625 Memini
714 589 869 635 relinqui
896 599 953 624 me
978 589 1050 624 deo
1076 590 1167 625 irato
1194 599 1291 626 meo.

466 638 514 673 75
541 636 657 683 Coepi
683 638 867 674 adversari
893 637 1033 683 primo:
1061 638 1150 683 quid
1176 638 1300 674 verbis
1326 639 1469 684 opust?

534 685 621 723 Seni
645 686 766 722 fidelis
791 686 878 722 dum
905 695 999 729 sum,
1027 686 1199 731 scapulas
1225 687 1380 732 perdidi.

539 733 656 771 Geta:
707 734 846 771 Venere
872 735 908 769 in
948 736 1106 770 mentem
1134 735 1183 770 mi
1210 735 1335 771 istaec
1363 735 1431 771 Da.
1459 735 1627 780 Namque
1653 735 1829 773 inscitiast

537 783 743 819 Advorsum
772 783 957 818 stimulum
984 783 1114 818 calces
1142 782 1210 820 Ge.
1239 783 1355 829 Coepi
1382 785 1435 820 eis
1460 784 1584 820 omnia

535 831 678 875 Facere,
705 831 861 877 obsequi
888 840 982 877 quae
1006 831 1149 868 vellent.
1176 831 1245 868 Da.
1279 831 1386 870 Scisti
1413 833 1462 869 uti
1488 832 1579 869 foro.

535 880 653 917 Geta:
681 880 814 916 Noster
839 881 924 915 mali
951 880 999 916 nil
1027 880 1226 926 quicquam
1255 881 1396 927 primo·
1389 910 1397 925 ,
1424 882 1482 918 hic
1509 881 1687 918 Phaedria

535 928 719 966 Continuo
746 929 931 974 quandam
959 930 1088 964 nactus
1113 931 1169 965 est
1196 930 1404 975 puellulam.

299 987 336 1023 ln
362 997 470 1024 versu
497 988 544 1024 73
571 986 887 1032 Umpfenbachius
918 987 988 1023 hoc
1014 987 1129 1023 modo
1158 987 1397 1034 interpungit:

296 1036 481 1072 Mihiusus
507 1036 617 1078 venit,
645 1036 715 1071 hoc
741 1035 831 1078 scio,
849 1034 1022 1071 Dziatzko
1041 1037 1076 1071 et
1090 1035 1325 1072 Fleckeisen:
1342 1036 1395 1072 Mi
1412 1046 1503 1073 usus
1528 1036 1626 1073 venit
1643 1036 1713 1073 hoc
1725 1036 1825 1074 scio:

297 1094 454 1129 Hauler:
481 1094 533 1128 Mi
562 1103 652 1129 usus
677 1093 787 1135 venit,
820 1094 889 1128 hoc
915 1093 1017 1136 scio;
1058 1093 1130 1136 Qui
1156 1094 1221 1129 viri
1248 1094 1345 1129 docti
1372 1094 1448 1130 iure
1475 1104 1678 1140 pronomen
1708 1095 1822 1138 „hoc“
1881 1115 1887 1117 -

178 1143 336 1178 referunt
360 1143 408 1177 ad
434 1142 546 1177 verba
572 1142 838 1186 praecedentia.
891 1139 1027 1176 Contra
1054 1141 1228 1176 Havetius
1255 1143 1520 1188 interpungit„
1526 1143 1574 1177 mi
1601 1153 1692 1177 usus
1716 1143 1824 1178 venit.

180 1190 260 1227 Hoc
285 1191 397 1234 scio‚“
426 1192 461 1226 et
487 1190 573 1226 dicit
575 1188 699 1254 “3(pag
724 1188 809 1235 94):
841 1188 916 1232 „Au
941 1199 1024 1225 vers
1050 1190 1109 1232 73,
1135 1189 1195 1236 j'ai
1222 1189 1357 1226 rectifie
1384 1190 1417 1226 la
1443 1191 1679 1236 ponctuation
1717 1192 1826 1227 avant

177 1242 212 1276 et
238 1249 346 1285 apres
375 1239 466 1283 „hoc
493 1239 592 1275 scio“
598 1267 607 1281 ,
634 1238 696 1284 qui
723 1240 779 1274 est
805 1238 1109 1274 necessairement
1136 1248 1207 1275 une
1232 1247 1399 1275 annonce
1426 1240 1472 1276 de
1498 1248 1539 1276 ce
1582 1240 1644 1285 qui
1683 1239 1755 1276 suit
1787 1241 1824 1276 et

178 1298 252 1324 non
279 1298 328 1323 un
354 1288 480 1333 rappel
507 1288 553 1323 de
579 1297 621 1322 ce
647 1288 710 1332 qui
737 1287 902 1332 precede.
956 1287 980 1322 ll
1006 1289 1061 1322 est
1087 1288 1303 1334 prodigieux
1340 1288 1362 1323 a
1397 1289 1480 1334 quel
1520 1289 1622 1334 point
1658 1289 1711 1334 les
1744 1297 1824 1324 mo-

177 1342 309 1372 dernes
336 1336 521 1382 negligent
547 1336 579 1371 le
605 1345 691 1370 sens
721 1345 853 1380 propre
880 1336 946 1370 des
981 1335 1288 1371 demonstratifsf‘

295 1394 458 1430 Dubium
485 1403 567 1429 esse
593 1403 667 1428 non
695 1395 825 1438 potest,
853 1393 941 1438 quin
983 1394 1096 1436 „“h0c
1124 1394 1172 1429 ad
1210 1395 1461 1430 antecedentia
1501 1395 1729 1447 referendum
1770 1394 1827 1439 sit,

177 1444 278 1489 quod
306 1452 509 1489 pronomen
536 1442 646 1478 simili
673 1442 786 1477 modo
813 1443 1007 1487 usurpatur
1033 1442 1068 1493 in
1094 1441 1252 1478 Andriae
1278 1453 1385 1478 versu
1411 1444 1508 1480 387:

296 1492 439 1537 Nempe
465 1492 535 1527 hoc
561 1491 614 1526 sic
642 1500 725 1526 esse
751 1490 906 1536 opinor:

296 1551 359 1587 ubi
389 1551 503 1594 „“hoc
532 1550 656 1595 utique
682 1549 729 1585 ad
755 1549 1005 1585 antecedentia
1031 1548 1151 1585 referri
1178 1551 1310 1595 potest.
1338 1550 1467 1596 Neque
1495 1550 1723 1587 manifestum
1756 1547 1823 1596 est,

176 1609 241 1636 cur
266 1600 388 1645 ipsum
416 1598 504 1635 illud
534 1598 725 1642 „memini“
753 1598 875 1634 verbis
903 1598 995 1641 „hoc
1021 1598 1119 1634 scio“
1161 1599 1371 1645 augendum
1398 1599 1455 1636 sit.
1509 1598 1591 1643 Qua
1626 1599 1672 1636 de
1710 1609 1824 1638 causa

175 1649 224 1685 ab
251 1648 541 1694 interpunctione
580 1647 727 1682 Hauleri
767 1647 866 1682 nullo
906 1647 1018 1683 modo
1045 1647 1271 1683 recedamus.
1324 1647 1438 1684 Paulo
1477 1648 1750 1686 memorabilius
1787 1651 1824 1686 et
1862 1664 1865 1667 ’
1897 1655 1899 1657 “

177 1698 296 1744 magis
321 1697 486 1743 dignum,
506 1696 607 1741 quod
633 1695 863 1738 deliberetur,
882 1695 969 1730 mihi
989 1695 1129 1731 Havetii
1149 1696 1377 1741 propositum
1403 1696 1544 1733 videtur
1569 1697 1615 1733 de
1641 1697 1822 1739 divisione

175 1755 347 1783 versuum
390 1745 546 1787 73-78,
585 1744 648 1789 qui
685 1753 707 1779 a
745 1744 831 1780 viris
867 1744 985 1780 doctis
1024 1744 1060 1779 in
1100 1744 1294 1780 maximam
1334 1745 1597 1782 dubitationem
1635 1747 1821 1783 vocantur.

175 1794 290 1830 Miror
315 1794 498 1839 equidem,
526 1793 627 1838 quod
655 1802 784 1828 omnes
809 1793 874 1828 viri
910 1793 1018 1835 docti,
1046 1792 1107 1837 qui
1135 1792 1352 1829 Bembinum
1392 1795 1580 1840 permagni
1618 1795 1822 1839 aestimant,
1913 1782 1915 1784 ,

176 1843 286 1879 huius
312 1842 440 1888 optimi
469 1841 610 1877 codicis
636 1841 827 1877 lectionem
854 1850 1024 1877 versuum
1053 1841 1199 1877 73-78
1223 1843 1344 1878 tenere
1370 1852 1444 1878 non
1471 1843 1629 1879 student.

296 1891 455 1927 Primum
488 1890 706 1926 Bembinum
726 1890 762 1925 in
789 1900 833 1925 eo
860 1900 1005 1935 sequor,
1032 1892 1070 1926 ut
1101 1900 1229 1926 versus
1247 1891 1392 1928 73—76
1409 1893 1506 1928 totos
1523 1890 1628 1928 Davo
1654 1892 1823 1935 tribuam,
1850 1911 1870 1918 -—
1899 1912 1901 1914 v

175 1943 253 1978 tum
290 1949 436 1977 versum
477 1940 524 1975 77
565 1948 718 1983 „venere
757 1967 765 1974 .
795 1967 802 1975 .
831 1968 838 1975 .
879 1939 1011 1975 istaec“
1052 1948 1074 1975 a
1109 1937 1202 1976 Geta
1228 1939 1365 1976 dictum
1393 1942 1527 1986 putem,
1554 1940 1688 1977 deinde
1712 1940 1824 1978 verba
1847 1932 1878 1955 Ψ

179 1999 362 2036 „namque
409 2018 416 2025 .
446 2017 453 2024 .
484 2017 491 2024 .
547 1989 687 2024 calces“
749 1987 876 2024 Davus
916 1989 1095 2034 loquatur,
1139 1989 1298 2034 denique
1353 1988 1446 2026 Geta
1487 1991 1672 2036 postrema
1712 1989 1824 2028 verba

178 2039 305 2084 „coepi
321 2039 412 2074 eis“.

294 2096 405 2141 Quod
433 2096 589 2142 primum
616 2094 752 2138 attinet,
780 2096 818 2131 ut
853 2104 980 2131 versus
1008 2095 1152 2131 73-76
1178 2105 1200 2131 a
1226 2094 1331 2132 Davo
1371 2098 1625 2139 memorentur,
1665 2096 1821 2134 summis

174 2146 285 2183 rebus
311 2156 394 2182 curn
424 2144 577 2181 Havetio
604 2144 806 2187 consentio,
847 2143 952 2179 cuius
984 2143 1095 2179 verba
1121 2153 1294 2189 expressa
1321 2144 1378 2180 hic
1417 2154 1603 2181 enarrem:
1657 2145 1727 2188 „La
1764 2145 1821 2183 cle

174 2195 220 2231 de
245 2196 366 2230 toutes
393 2204 455 2230 ces
473 2193 669 2229 difficultes
686 2195 751 2236 est,
770 2193 803 2239 je
822 2192 929 2233 crois,
948 2193 980 2227 le
1006 2192 1069 2228 fait
1095 2202 1167 2238 que
1185 2193 1238 2228 les
1263 2203 1345 2229 vers
1372 2194 1516 2230 73—76
1542 2194 1820 2240 appartiennent
1857 2231 1862 2234 ,

174 2245 253 2280 tout
288 2244 420 2279 entiers
458 2243 481 2278 a
507 2241 623 2285 Dave,
661 2251 804 2277 comme
844 2242 875 2276 le
913 2243 998 2277 veut
1033 2242 1066 2277 le
1092 2241 1303 2277 Bembinus.
1356 2241 1456 2280 C’est
1482 2242 1584 2279 Dave
1611 2243 1673 2288 qui
1699 2252 1722 2279 a
1747 2251 1830 2280 une·
1880 2249 1881 2252 ’
1912 2256 1916 2260 “

173 2292 388 2338 experience
414 2291 565 2336 acquise
591 2293 626 2326 et
653 2291 715 2336 qui
742 2291 804 2333 dit,
831 2300 877 2326 en
903 2291 1168 2327 connaissance
1195 2291 1240 2326 de
1267 2302 1388 2334 cause,
1417 2292 1663 2336 „provinciam
1690 2291 1819 2338 cepisti

175 2341 351 2384 duram“;
379 2340 467 2376 c'est
492 2340 540 2375 lui
560 2340 622 2384 qui
648 2349 671 2375 a
687 2339 838 2375 souffert
857 2339 902 2374 de
929 2339 963 2374 la
988 2339 1177 2375 confiance
1203 2340 1250 2376 de
1276 2350 1344 2376 son
1370 2339 1478 2376 vieux
1503 2341 1628 2377 maitre
1653 2339 1819 2386 (memini
1855 2327 1921 2386 fig}

175 2389 330 2435 relinqui
357 2398 415 2424 me
443 2417 451 2424 .
517 2387 565 2434 .);
601 2387 689 2423 c'est
716 2388 763 2423 lui
792 2387 853 2433 qui
880 2397 902 2423 a
928 2386 1054 2424 resiste
1081 2387 1235 2424 d’abord
1261 2398 1334 2424 aux
1365 2388 1547 2425 fredaines
1572 2388 1660 2425 d'un
1708 2388 1819 2435 jeune
1861 2399 1885 2422 ⁸.
1908 2393 1920 2412 ⁷

173 2439 321 2475 homme
347 2436 468 2484 (coepi
495 2436 679 2473 adversari
707 2464 714 2472 .
743 2464 751 2472 .
781 2435 830 2483 .);
857 2436 946 2472 c’est
972 2436 1020 2472 lui
1047 2436 1109 2482 qui
1135 2446 1158 2472 a
1183 2436 1239 2473 ete
1265 2437 1349 2473 bien
1377 2438 1435 2473 sot
1460 2436 1577 2484 d'agir
1601 2446 1647 2474 en
1673 2437 1844 2482 esclave

171 2487 281 2524 fidele
307 2485 402 2534 (seni
427 2486 547 2522 fidelis
573 2485 660 2521 dum
688 2484 798 2532 sum).
804 2487 821 2502 “
865 2484 1053 2522 Praeterea
1078 2485 1228 2529 accedit,
1256 2486 1356 2531 quod
1383 2486 1504 2522 adhuc
1531 2486 1709 2523 omissum
1736 2488 1816 2524 est:

170 2537 278 2582 coepi
305 2536 342 2571 in
368 2546 401 2571 v.
429 2535 476 2570 75
503 2536 538 2570 et
563 2545 596 2570 v.
625 2535 685 2570 78.
