1921 2789
187 192 202 205 '⁴
249 187 414 224 Primum
441 188 701 223 sententiarum
726 196 932 222 connexum
959 186 1162 221 secundum
1188 186 1352 222 codicem
1379 186 1601 221 Bembinum
1642 186 1778 221 consti-

122 235 243 275 tuam.
270 234 398 271 Davus
423 235 602 280 loquitur:
629 234 857 270 Provinciam
884 234 1012 280 cepisti
1038 234 1178 278 duram,
1206 235 1293 270 mihi
1319 243 1410 270 usus
1438 234 1547 277 venit,
1575 243 1659 270 nam
1686 234 1778 280 ipse,

124 282 254 325 fidelis
278 293 406 320 servus
421 283 572 327 domini,
598 283 674 319 filio
692 283 772 320 eius
797 282 1030 320 difficultates
1055 283 1178 329 paravi
1196 283 1245 319 ob
1263 292 1419 329 eamque
1440 292 1589 319 causam
1608 282 1779 329 scapulas

133 333 286 379 perdidi.
313 331 429 369 Geta:
446 332 585 368 Venere
611 333 648 368 in
667 333 823 368 mentem
842 333 967 375 istaec,
995 332 1118 378 itaque
1142 332 1427 368 adulescentulis
1455 332 1543 367 mihi
1569 331 1778 367 commissis

90 386 94 388 ’
133 381 257 418 omnia
280 381 401 417 facere
426 382 542 427 coepi.
595 380 689 416 Huic
716 381 916 417 sententiae
942 379 1057 420 Getae
1082 380 1220 425 Davus,
1247 382 1310 426 qui
1335 381 1466 417 iterum
1491 382 1602 426 atque
1628 380 1778 426 saepius

78 444 80 446 ·
133 429 236 467 locos
278 439 492 466 communes
544 431 578 465 et
625 429 817 475 proverbia
859 429 1072 475 frequentat,
1124 430 1339 466 sententiam
1381 429 1569 476 vulgarem
1610 429 1777 476 adiungit

136 487 316 523 „namque
343 506 351 513 .
379 507 387 515 .
415 506 423 513 .
448 478 600 515 calces“.

251 534 315 573 Sin
334 536 488 573 lectione
506 536 673 572 Bembini
692 537 857 584 neglecta
879 546 1007 573 versus
1026 537 1171 573 73—76
1189 535 1304 573 Getae
1322 536 1563 579 attribuimus,
1597 536 1776 572 sententia

0 563 17 605 ξ
52 620 65 624 „
134 585 203 620 loci
242 585 291 620 ita
328 586 437 621 nobis
475 586 717 632 intellegenda
755 588 820 628 est,
849 587 887 620 ut
913 584 1006 621 Geta
1039 586 1086 620 ab
1113 585 1214 620 initio
1241 585 1475 620 difficultates
1502 585 1667 620 habuerit
1692 594 1775 620 cum

0 624 23 662 ἱ
88 643 91 645 ·
133 632 221 677 filio,
247 635 375 679 postea
400 636 520 670 autem
548 634 778 670 concesserit.
831 633 914 677 Qua
940 643 978 669 re
1004 633 1157 679 probata
1192 633 1228 668 in
1253 643 1361 668 versu
1402 633 1449 669 78
1487 633 1586 678 apud
1622 633 1773 668 verbum

0 679 69 723 ἔκη’,
135 682 287 727 ,‚coepi“
322 683 446 728 utique
484 683 635 718 verbum
675 684 851 727 „postea“
891 684 1158 727 exspectamus,
1199 682 1300 726 quod
1338 682 1451 717 deest.
1504 680 1693 717 Praeterea
1732 691 1777 717 ex

0 723 12 742 ²
66 732 70 734 “
135 731 374 776 sequentibus
400 730 631 766 manifestum
658 730 698 766 fit
724 729 856 767 Getam
884 731 983 766 nullo
1011 730 1123 765 modo
1157 730 1391 766 difficultates
1417 730 1641 775 praebuisse,
1669 730 1716 765 cf.
1742 741 1775 765 v.

0 789 12 815 Ξ
134 778 193 814 87.
246 778 365 821 Quam
392 780 441 815 ob
467 788 542 814 rem
570 779 737 814 Bembini
765 779 957 814 lectionem
1000 779 1170 824 recipiam
1198 780 1233 814 et
1257 778 1415 824 gaudeo,
1445 778 1545 823 quod
1573 778 1617 813 H.
1655 778 1777 814 verbis

0 849 10 896 ἓ
136 836 208 871 „on
234 827 309 863 voit
335 855 342 862 .
372 855 379 863 .
409 856 416 863 .
444 855 452 863 .
480 827 589 873 qu'en
618 829 709 863 cette
749 827 896 863 matiere
924 828 957 863 la
983 827 1133 873 critique
1165 828 1251 873 peut
1276 827 1350 863 etre
1375 828 1455 863 tout
1478 826 1500 862 a
1526 826 1591 863 fait
1629 836 1777 863 conser-

102 916 104 919 ,
134 876 291 912 vatrice“
316 876 483 911 assentiri
509 886 674 921 possum.
727 876 777 912 lta
802 877 909 912 etiarn
938 886 1110 912 numerus
1137 876 1332 923 singularis
1358 876 1394 911 in
1420 886 1452 911 v.
1481 876 1527 911 76
1554 877 1681 920 ,‚seni“
1708 886 1776 912 nos

136 934 210 960 non
236 924 397 960 offendit.
427 924 632 960 Pronomen
661 924 821 967 ‚,istaec“
847 927 968 960 autem
996 934 1070 960 non
1097 925 1214 960 solum
1243 925 1550 970 interpretandum
1578 927 1634 960 est
1661 925 1774 960 verbo

138 973 370 1019 „scapulae“‚
397 973 462 1009 sed
490 974 640 1009 omnino
666 975 741 1009 tota
767 974 944 1010 sententia
959 974 1198 1020 praecedente
1216 973 1409 1019 „scapulas
1435 973 1613 1019 perdidi“,
1641 973 1776 1019 quibus

134 1023 181 1057 de
218 1023 340 1057 causis
376 1023 535 1065 ‚,istaec“
575 1024 739 1058 neutrum
780 1023 927 1067 pluralis
965 1031 1075 1068 quam
1102 1022 1315 1058 femininum
1343 1022 1549 1069 intellegere
1581 1023 1774 1058 malumus.

136 1069 283 1112 Quibus
309 1071 418 1106 rebus
444 1071 648 1106 constitutis
675 1071 832 1106 contenti
859 1081 942 1106 esse
968 1071 1158 1112 debemus,
1198 1080 1280 1105 cum
1321 1071 1391 1105 hoc
1434 1071 1546 1106 modo
1582 1071 1774 1106 lectionem

136 1117 275 1155 codicis
313 1117 492 1162 Bembini,
532 1128 641 1164 quam
681 1119 809 1155 ceteris
845 1118 936 1155 locis
974 1129 1119 1164 semper
1146 1118 1393 1164 praeferimus,
1419 1120 1541 1155 tenere
1577 1119 1777 1164 possimus.

110 1179 118 1183 ⁴
253 1166 363 1210 Quod
399 1170 518 1202 autem
558 1176 666 1212 porro
704 1167 895 1213 proposuit
934 1167 1119 1210 HavetiuS,
1160 1169 1198 1203 ut
1235 1167 1272 1202 in
1309 1177 1343 1203 v.
1381 1167 1428 1203 78
1454 1176 1520 1213 pro
1546 1167 1647 1211 „eis“
1675 1167 1776 1203 libris

135 1215 267 1250 tradito
308 1218 426 1260 „ego“
463 1216 649 1257 scribatur,
689 1218 728 1250 ut
765 1216 983 1251 contrarium
1022 1217 1122 1251 verbi
1159 1216 1263 1260 coepi
1302 1217 1338 1250 in
1363 1226 1397 1250 v.
1424 1217 1471 1250 75
1509 1217 1617 1250 etiam
1652 1217 1775 1261 specie

51 1307 59 1311 .
96 1304 101 1309 .
135 1263 390 1308 perspiciatur,'
401 1265 676 1299 contemnemus
695 1266 732 1299 ut
750 1264 883 1306 omnia,
903 1274 997 1308 quae
1015 1266 1143 1308 postea
1169 1264 1396 1300 inveniemus
1415 1264 1554 1299 Havetii
1582 1265 1774 1309 postulata,

0 1296 31 1348 ἦ
135 1311 270 1357 quibus
296 1321 440 1358 semper
464 1312 694 1349 artificiosam
721 1312 894 1349 orationis
912 1314 1125 1349 structuram
1144 1313 1359 1359 investigare
1385 1314 1420 1349 et
1433 1312 1627 1349 emendare
1641 1313 1772 1350 studet.

0 1366 55 1435 ζ
442 1426 448 1430 ,
864 1390 942 1433 109,
974 1390 1051 1425 179.

459 1468 529 1511 Ille,
561 1469 622 1513 qui
649 1468 745 1503 illam
772 1468 919 1503 amabat
944 1468 1141 1511 fidicinam,
1169 1470 1307 1504 tantum
1335 1468 1447 1504 modo

457 1515 573 1558 ,Satis‘
600 1517 716 1562 inquit
742 1517 913 1561 ,scitast‘;
941 1519 1064 1552 noster
1088 1527 1174 1553 vero
1202 1545 1210 1552 .
1238 1545 1245 1552 .
1275 1545 1282 1552 .
1311 1516 1379 1552 Da.
1401 1517 1480 1564 Jam
1508 1517 1608 1553 scio:

59 1613 62 1616 Δ
255 1576 293 1610 In
350 1585 458 1610 versu
502 1576 569 1610 109
608 1575 782 1610 Havetius
819 1576 1034 1620 pronomine
1073 1576 1216 1619 ,‚illam“
1256 1576 1460 1620 offenditur,
1501 1586 1585 1619 „car
1611 1576 1633 1611 il
1671 1576 1773 1611 attire

134 1624 323 1659 indument
360 1624 557 1659 l'attention
596 1634 657 1659 sur
693 1625 727 1660 la
763 1624 1000 1667 musicienne,
1040 1625 1130 1660 dont
1167 1625 1202 1660 la
1241 1634 1423 1670 personne
1463 1625 1522 1660 n’a
1559 1625 1604 1660 ici
1630 1633 1772 1660 aucune

52 1691 54 1693 v
108 1702 111 1705 .
134 1672 394 1718 importance.“
427 1672 556 1721 'Valde
580 1675 701 1708 autem
728 1673 867 1716 dubito,
894 1683 941 1708 an
968 1673 1038 1708 hoc
1077 1674 1292 1718 pronomine
1319 1673 1441 1718 posito
1478 1673 1623 1708 animus
1661 1673 1770 1708 nimis

133 1721 171 1756 in
226 1721 475 1756 citharistriam
537 1721 752 1757 intendatur.
817 1721 957 1757 iteratio
1007 1721 1171 1757 eiusdem
1237 1721 1464 1767 pronominis
1515 1722 1621 1765 ,‚ille“
1672 1723 1769 1757 certo

133 1769 383 1805 annominatio
410 1771 464 1805 est
490 1779 511 1805 a
536 1769 704 1805 Terentio
746 1770 900 1805 concilio
924 1770 1098 1805 adhibita.
1152 1769 1267 1805 Etiam
1292 1770 1472 1812 versibus,
1499 1770 1562 1815 qui
1602 1772 1773 1806 secuntur

134 1818 290 1864 puellam
326 1818 455 1853 eodem
495 1818 710 1863 pronomine
746 1818 853 1861 ,‚illa“
892 1818 1087 1865 significari
1128 1818 1297 1854 videmus
1335 1817 1407 1864 (vv.
1454 1819 1533 1861 113,
1564 1819 1644 1861 114,
1676 1818 1772 1865 118.)

134 1865 228 1903 Geta
266 1868 384 1902 narrat
423 1876 462 1902 se
501 1868 536 1902 et
574 1866 763 1903 dominum
802 1867 934 1903 cotidie
961 1867 1209 1903 citharistriam
1236 1867 1425 1913 subsequi,
1453 1867 1555 1913 sein
1593 1867 1772 1904 tonstrina

135 1925 279 1962 semper
313 1917 513 1961 expectare,
552 1916 639 1951 dum
676 1916 796 1962 puella
834 1916 946 1951 domo
981 1916 1134 1952 adversa
1182 1925 1331 1963 egressa
1367 1917 1423 1952 sit.
1488 1916 1645 1952 Irritatus
1683 1926 1771 1964 ergo

135 1974 262 2001 servus
289 1974 369 2001 eam
407 1967 512 2001 vocat
540 1965 696 2009 ,‚illam“,
723 1975 946 2012 quamquam
965 1988 967 1990 -
983 1975 1028 2001 ex
1068 1967 1191 2001 nostra
1214 1966 1387 2012 opinione
1421 1966 1542 2012 potius
1568 1975 1790 2012 pronomen>

13 2014 37 2030 *³
135 2014 289 2058 ‚,istam“
316 2016 580 2060 exspectamus.
633 2014 706 2052 Sed
732 2016 815 2060 apte
841 2024 885 2050 ea
923 2024 960 2051 re
986 2015 1254 2051 demonstratur
1280 2025 1482 2060 pronomen
1507 2015 1656 2060 aliquod
1684 2015 1770 2060 poni

13 2062 22 2087 ἓ
45 2072 47 2074 ’
137 2072 289 2098 necesse
314 2062 453 2106 fuisse;
481 2073 553 2108 qua
579 2064 625 2098 de
652 2073 764 2098 causa
790 2073 864 2099 non
907 2064 1098 2106 habemus,
1125 2074 1188 2099 cur
1214 2073 1296 2099 cum
1325 2064 1369 2099 H.
1397 2073 1598 2109 pronomen
1626 2064 1771 2107 ‚,istam“

15 2133 60 2153 ...¹
135 2110 340 2147 eiciendum
367 2121 449 2147 esse
465 2114 645 2157 putemus.
674 2111 755 2157 Ipse
782 2112 825 2149 H.
845 2111 1107 2155 difficultatem,
1122 2122 1231 2157 quam
1259 2113 1465 2148 coniectura
1491 2112 1620 2155 effecit,
1647 2113 1771 2154 sensit,

0 2146 39 2220 {f
60 2200 64 2204 <
135 2169 219 2195 cum
237 2160 514 2205 explicationem
541 2160 577 2195 in
602 2160 740 2196 ratione
758 2161 905 2196 metrica
923 2162 1083 2206 quaerat,
1102 2170 1212 2206 quam
1239 2161 1337 2196 haud
1362 2160 1466 2196 facile
1492 2160 1770 2207 intellegendam

0 2212 26 2267 {³
133 2208 285 2244 omnino
311 2209 476 2254 pluribus
500 2209 676 2254 exemplis
704 2209 848 2254 probari
875 2211 1049 2255 oporteat.

0 2260 20 2291 r&

0 2288 30 2313 Β»,
251 2265 413 2303 Eandem
440 2266 688 2303 difficultatem
717 2266 760 2304 H.
787 2267 823 2303 in
861 2267 1092 2304 emendando
1118 2277 1225 2304 versu
1257 2268 1324 2304 179
1350 2267 1475 2311 sensit,
1503 2277 1585 2304 cum
1612 2267 1771 2313 explica-

0 2315 30 2375 ξ
134 2316 270 2352 tionem
310 2315 346 2351 in
385 2316 522 2352 ratione
560 2316 707 2352 metrica
742 2325 891 2362 prorsus
917 2325 1049 2353 novam
1077 2318 1236 2361 quaerat,
1264 2326 1374 2362 quam
1401 2317 1450 2353 ob
1477 2326 1551 2353 rem
1579 2317 1770 2353 lectionem

71 2397 76 2401 .
134 2364 300 2400 traditam
328 2364 572 2410 recipiendam
599 2374 681 2400 esse
707 2366 816 2410 puto:

0 2373 32 2459 ἓ-
249 2421 381 2457 Nullus
407 2432 458 2465 es,
486 2420 591 2465 Geta,
618 2421 688 2457 nisi
714 2422 785 2457 iam
811 2422 961 2468 aliquod
986 2422 1051 2458 tibi
1079 2423 1271 2458 consilium
1299 2424 1413 2459 celere
1439 2424 1586 2469 reperis.

254 2469 374 2513 Quem
400 2477 546 2507 versum
574 2470 747 2507 Havetius
772 2471 820 2507 ita
845 2472 1039 2507 emendare
1064 2472 1159 2508 vult:

249 2519 381 2555 Nullus
406 2529 458 2563 es,
485 2518 591 2563 Geta,
617 2520 686 2555 nisi
712 2518 776 2566 (si)
802 2520 873 2555 iam
900 2520 1049 2565 aliquod
1076 2520 1140 2556 tibi
1167 2521 1361 2556 consilium
1389 2521 1503 2556 celere
1530 2521 1678 2566 reperis.
