1921 2789
131 213 216 241 mus
238 213 367 241 versus
383 204 491 250 plane
508 203 545 239 in
563 203 674 239 totius
691 203 871 239 sermonis
888 203 1184 239 deliberationem
1202 203 1380 248 quadrare
1398 203 1545 248 iamque
1563 202 1750 248 complere

130 242 193 289 ihi
229 252 372 289 videtur
407 260 526 297 neque
566 251 787 287 referendus
815 252 870 286 est
906 251 954 286 ad
991 251 1201 297 gravitatem
1236 253 1271 287 et
1296 251 1522 287 severitatem
1559 250 1745 287 orationis.

67 326 74 338 .-
100 299 189 349 ‘Qua
223 300 462 347 explicatione
501 299 653 346 probata
692 309 836 336 versum
876 299 943 335 eici
980 308 1054 335 non
1092 300 1244 354 oportet.
1307 298 1379 336 Sed
1422 309 1465 336 ea
1489 300 1536 335 de
1562 308 1674 335 causa
1701 299 1744 335 Η.

102 344 214 386 'talem
240 349 460 385 emendandi
478 348 653 384 rationem
668 348 866 383 instituisse
883 348 1035 390 videtur,
1055 348 1154 392 quod
1182 348 1252 383 iam
1270 358 1382 393 supra
1399 348 1746 391 demonstravimus,

70 399 145 438 :ut
170 399 279 444 poeta
305 397 568 443 perfectissima
593 396 850 432 sententiarum
877 405 1066 432 connexus
1091 398 1166 432 arte
1197 398 1325 440 utatur,
1352 405 1435 432 eum
1462 397 1654 442 postulare.

224 445 620 484 Commemorationem
649 445 858 491 inopinatae
884 445 934 480 rei
960 445 996 480 in
1021 456 1054 481 v.
1073 445 1146 481 239
1163 443 1320 490 (praeter
1345 444 1466 492 spem)
1493 445 1608 481 iterari
1635 447 1748 491 atque

49 482 55 484 ‚
105 495 153 530 ad
179 494 290 530 tinem
318 494 467 540 perduci
493 494 674 529 vocabulo
702 495 880 536 „“novom
910 494 946 529 in
969 504 1003 529 v.
1029 494 1124 529 245:
1152 494 1184 528 le
1211 494 1309 539 cycle
1335 494 1382 529 de
1408 503 1450 528 sa
1475 494 1648 530 reflexion
1689 496 1745 529 est

37 565 39 567 -
105 543 204 578 donc
229 542 392 585 termine,
419 542 465 578 de
492 544 588 577 sorte
615 551 686 587 que
702 522 745 577 ”le
769 553 804 578 v.
830 542 903 577 246
929 542 1037 577 serait
1068 543 1263 587 choquant,
1290 551 1408 577 meme
1434 542 1489 577 s'il
1517 552 1540 577 n
1545 542 1639 578 ’etait
1677 552 1747 587 pas

103 590 290 637 disparate
315 600 403 627 avec
430 591 462 627 le
488 592 592 634 reste,
620 599 685 636 par
710 591 743 626 le
769 591 845 626 seul
871 589 936 626 fait
961 590 1048 636 qu’il
1081 590 1196 626 forme
1226 590 1458 637 „rallonge“!
1761 629 1764 632 ,

220 639 395 676 Videmus
421 641 594 684 quantam
620 640 693 675 vim
720 641 755 675 et
781 639 990 675 violentiam
1019 639 1084 675 viri
1110 640 1218 681 docti,
1246 640 1308 684 qui
1348 639 1431 674 huic
1470 639 1593 674 studio
1634 639 1743 674 inter-

88 688 267 734 pretandi
294 687 426 731 favent,
453 688 489 723 in
516 687 793 724 difficultatibus
819 688 951 723 criticis
977 689 1012 724 et
1044 688 1239 734 exegeticis
1264 687 1412 723 arbitrio
1438 697 1506 725 suo
1532 687 1740 724 adhibeant.

45 756 48 757 ν
103 735 314 774 Omissione
350 748 383 773 v.
420 737 493 773 246
529 738 662 780 autem,
702 737 843 782 opinor,
880 737 1042 782 parodia,
1085 739 1123 773 ut
1149 737 1197 772 ita
1223 736 1453 782 dicam,qua
1480 746 1607 773 servus
1630 737 1741 773 verba

63 810 65 812 .
102 785 202 821 senis
240 785 362 821 irridet
399 788 508 831 atque
546 786 672 828 illudit,
711 786 868 821 maxime
910 786 1074 829 imminui
1105 786 1256 821 videtur.
1309 785 1402 821 Nam
1430 786 1518 821 illud
1545 786 1677 830 ipsum,
1704 788 1744 821 ut

100 843 227 870 servus
253 833 355 869 initio
365 834 508 881 singula
522 834 702 879 quaedam
718 834 817 869 senis
835 834 946 870 verba
964 834 999 869 in
1018 844 1087 869 suo
1101 844 1269 870 sermone
1285 836 1431 880 repetat,
1447 834 1606 879 denique
1618 836 1738 870 autem

104 882 234 920 eodem
270 893 377 920 versu
417 884 545 927 utatur,
585 893 659 929 quo
697 893 809 920 senex
848 883 993 920 dicendi
1026 883 1137 920 finem
1163 883 1258 927 fecit,
1284 885 1399 920 totum
1426 883 1623 920 maximum
1652 883 1738 920 mihi

52 950 56 954 ·
102 931 271 968 effectum
298 934 332 968 et
357 933 428 968 vim
456 934 638 978 praestare
668 933 818 968 videtur.

101 1029 110 1065 Ι
163 1029 186 1066 d
212 978 329 1066 tQuod
368 981 415 1017 ad
469 981 587 1017 locum
642 979 830 1018 Ciceronis
870 980 993 1027 (Tusc.
1036 980 1090 1016 Ill.
1116 979 1180 1027 30)
1208 980 1370 1026 pertinet,
1414 981 1476 1027 qui
1504 980 1586 1017 illos
1611 990 1739 1017 versus

112 1038 160 1065 au
189 1039 211 1066 a
237 1040 246 1066 ε

175 1086 394 1124 Communia
420 1098 502 1124 esse
528 1089 617 1124 haec
643 1099 688 1125 ne
714 1089 802 1134 quid
830 1089 957 1124 horum
985 1098 1158 1134 umquam
1184 1089 1326 1126 accidat
1350 1089 1473 1124 animo
1501 1098 1661 1132 novum;

175 1136 359 1184 Quicquid
422 1140 561 1184 praeter
604 1148 707 1184 spem
763 1138 914 1181 eveniat,
976 1148 1084 1174 omne
1128 1138 1163 1174 id
1207 1138 1381 1184 deputare
1424 1148 1505 1174 esse
1549 1139 1584 1174 in
1628 1138 1742 1181 lucro,

103 1186 174 1221 iam
207 1186 251 1221 H.
283 1188 377 1222 recte
404 1187 574 1222 intellexit
599 1197 727 1222 versus
752 1188 824 1222 245
849 1190 884 1222 et
908 1188 981 1222 250
1005 1188 1042 1222 in
1084 1197 1195 1221 unum
1224 1189 1428 1222 contractos
1453 1196 1547 1229 esse,
1575 1187 1612 1221 id
1637 1187 1739 1231 quod

99 1233 206 1269 etiam
222 1232 387 1270 Schmidt
412 1235 446 1270 in
475 1235 595 1270 Herm.
621 1235 692 1270 vol.
718 1234 804 1277 Vlll,
831 1245 866 1280 p.
892 1235 966 1271 284
990 1245 1094 1280 seqq.
1120 1235 1256 1281 attigit:

99 1282 172 1318 245
197 1292 300 1318 com
316 1293 351 1318 m
367 1293 425 1318 un
441 1283 485 1319 ia
523 1293 640 1319 esse
684 1284 818 1326 haec,
844 1283 921 1319 fieri
947 1293 1068 1329 posse,
1096 1286 1133 1318 ut
1160 1293 1204 1318 ne
1232 1283 1320 1328 quid
1358 1283 1481 1318 animo
1508 1283 1554 1318 sit
1579 1293 1713 1319 novom

100 1331 173 1366 250
188 1329 294 1376 Opus
308 1332 379 1366 ruri
394 1331 626 1367 faciundum:
654 1332 803 1367 horum
832 1332 889 1367 nil
917 1332 1148 1378 quicquam
1180 1332 1356 1367 accidet
1381 1332 1540 1367 animo
1568 1341 1736 1367 novom.

220 1379 268 1416 Ut
305 1380 493 1423 rationem,
529 1390 601 1426 qua
631 1390 759 1416 versus
795 1381 868 1417 246
906 1382 1007 1416 ortus
1040 1381 1097 1424 sit,
1124 1381 1288 1426 explicet,
1317 1380 1359 1415 H.
1387 1380 1494 1416 simili
1521 1380 1736 1416 confusione

97 1428 253 1464 scribam
288 1430 511 1464 commotum
547 1438 640 1472 esse,
668 1431 706 1465 ut
730 1439 875 1465 versum
915 1429 987 1464 245
1012 1439 1119 1465 versu
1145 1430 1211 1465 251
1244 1429 1480 1472 continuaret,
1508 1429 1734 1474 probabilem

98 1476 197 1513 facit.
249 1476 354 1521 Quae
379 1478 577 1524 quominus
602 1478 702 1522 fiant,
730 1479 817 1514 nihil
845 1479 1005 1525 impedit.
1058 1477 1130 1516 Sed
1157 1478 1306 1514 minime
1331 1478 1405 1514 veri
1431 1478 1560 1514 similis
1586 1480 1641 1515 est
1657 1478 1738 1514 talis

98 1535 209 1569 error,
236 1527 337 1571 quod
363 1527 482 1562 scriba
509 1537 582 1562 una
607 1537 751 1563 versum
792 1528 1015 1563 mutavisset.
1067 1526 1234 1564 Ceterum
1262 1527 1348 1562 mihi
1375 1527 1462 1562 illud
1489 1537 1637 1572 quoque
1664 1537 1737 1562 non

98 1575 401 1620 praetereundum
439 1577 504 1619 est,
543 1576 603 1612 vix
638 1576 807 1622 cuiquam
848 1576 1020 1612 credibile
1056 1585 1137 1613 esse
1172 1577 1268 1612 hunc
1295 1585 1451 1612 errorem
1479 1585 1524 1612 ex
1550 1573 1743 1613 Ciceronisv

97 1623 318 1661 Tusculanis
344 1625 434 1661 solis
460 1625 496 1661 in
523 1635 652 1661 omnes
676 1625 833 1662 Terentii
859 1626 1063 1662 fabularum
1091 1626 1238 1662 codices
1277 1626 1477 1671 irrepsisse.

874 1704 957 1739 249.

215 1779 366 1826 Propter
392 1780 566 1816 omissam
593 1781 735 1817 solitam
764 1791 951 1817 caesuram
979 1781 1088 1817 Barth
1121 1780 1146 1828 ¹)
1172 1791 1254 1817 cum
1283 1781 1409 1817 codice
1438 1793 1460 1828 γ
1498 1781 1602 1828 legit:

214 1828 428 1865 Molendum
455 1839 571 1874 usque
599 1830 635 1865 in
662 1830 813 1875 pistrino
840 1830 904 1866 erit
929 1830 1145 1876 plorandum
1174 1830 1365 1865 habendae
1391 1831 1601 1875 compedes.

218 1876 392 1913 Dziatzko
418 1878 560 1913 scribit:

215 1926 476 1969 Molendumst,
502 1926 750 1971 vapulandum
778 1926 814 1961 in
842 1926 1004 1971 pistrino,
1032 1936 1149 1972 usque
1175 1927 1367 1962 habendae
1394 1927 1604 1972 compedes.

216 1974 254 2010 ln
281 1974 407 2010 codice
434 1974 560 2010 Bemb.
589 1975 678 2010 haec
704 1975 809 2011 lectio
836 1975 1043 2011 exhibetur:

274 2033 485 2069 Molendum
514 2043 595 2069 esse
613 2034 650 2069 in
677 2034 828 2080 pistrino
857 2034 1104 2080 vapulandum
1132 2034 1323 2071 habendae
1349 2035 1560 2080 compedes.

216 2080 290 2118 Sed
318 2081 436 2118 Kauer
461 2092 571 2128 supra
598 2092 679 2118 esse
705 2083 956 2126 animadvertit
984 2085 1159 2129 ,‚usque“‚
1187 2093 1297 2129 quam
1324 2093 1452 2120 vocem
1479 2083 1587 2119 etiam
1633 2083 1735 2119 Mon.

105 2130 265 2177 praebet.
293 2130 403 2174 Quod
427 2131 577 2167 verbum
595 2131 716 2178 Umpf.
744 2142 826 2168 cum
855 2132 1012 2168 Haulero
1038 2133 1183 2178 recepit,
1210 2133 1272 2178 qui
1298 2133 1362 2169 viri
1390 2133 1486 2168 docti
1514 2133 1562 2168 ita
1589 2132 1737 2179 legunt:

251 2179 465 2217 Molendum
493 2190 611 2227 usque
637 2181 673 2217 in
699 2181 862 2227 pistrino,
888 2182 1148 2228 vapulandum,
1176 2182 1367 2218 habendae
1392 2182 1603 2228 compedes.

216 2228 324 2266 Recte
349 2229 500 2265 adnotat
527 2230 661 2265 Havet:
689 2230 737 2266 La
764 2231 868 2275 lecon
893 2231 916 2265 a
940 2231 1070 2266 retenir
1095 2233 1150 2266 est
1185 2231 1442 2266 certainement
1468 2232 1647 2275 ‚‚usque“‚
1673 2231 1742 2275 qui

98 2285 144 2313 ne
169 2278 258 2323 peut
283 2277 357 2313 etre
381 2277 535 2314 attribue
568 2278 603 2314 ni
630 2287 651 2313 a
677 2288 726 2314 un
753 2279 879 2325 lapsus
905 2279 951 2315 de
976 2279 1125 2326 copiste,
1153 2279 1201 2323 ni,
1228 2278 1456 2322 semble-t-il‚
1484 2288 1505 2314 a
1531 2288 1602 2315 une
1628 2278 1736 2315 inter-

98 2325 263 2377 polation
290 2327 337 2363 de
363 2327 533 2364 reviseur.
585 2326 645 2364 On
671 2329 757 2374 peut
782 2328 890 2372 donc,
918 2329 939 2364 a
965 2338 1052 2364 mon
1078 2339 1175 2372 sens,
1202 2329 1410 2365 consideret
1436 2338 1578 2364 comme
1604 2329 1736 2364 certain

96 2375 158 2419 qu’
160 2385 233 2411 une
269 2376 373 2420 lecon
409 2378 581 2411 courante
616 2376 710 2411 dans
748 2377 947 2421 l’antiquite
974 2377 1058 2412 etait
1095 2378 1329 2420 „Molendum
1358 2387 1475 2422 usque
1511 2377 1547 2412 in
1585 2377 1736 2433 pistrino

93 2423 373 2470 vapulandum“
399 2452 443 2460 ..
473 2452 480 2459 .
534 2423 558 2460 ll
602 2424 662 2472 n’y
703 2425 799 2462 avait
841 2425 875 2461 la
907 2435 979 2472 que
1016 2426 1082 2462 des
1119 2425 1341 2470 nominatifs‚
1381 2435 1425 2462 en
1465 2425 1674 2472 apposition
1715 2425 1736 2461 a

22 2446 42 2467 ξ,

100 2471 390 2516 „incommoda“.
443 2471 619 2511 Crederes
644 2474 732 2518 fore,
758 2477 797 2511 ut
823 2475 866 2511 H.
893 2475 929 2511 in
956 2477 1023 2511 hac
1061 2476 1213 2512 lectione
1239 2476 1497 2521 acquiesceret,
1525 2475 1735 2521 praesertim

25 2521 42 2536 ,Α
67 2543 71 2546 .

218 2558 295 2598 ¹.)P
325 2559 428 2598 Barth,
459 2559 507 2591 De
537 2560 644 2591 infinit.
675 2569 725 2599 ap.
755 2569 861 2592 scaen.
891 2563 973 2600 poet.
1005 2562 1054 2593 lat.
1086 2570 1146 2592 usu
1167 2562 1256 2597 (diss.
1282 2561 1385 2600 inaug.
1407 2562 1490 2600 Lips.
1515 2561 1614 2600 1881),
1637 2570 1668 2600 p.
1689 2561 1737 2592 31
