1921 2789
924 195 1008 231 418.

260 273 334 309 416
361 301 369 308 .
423 301 430 308 .
484 301 492 309 .
546 301 554 309 .
582 283 762 319 proxumo
803 273 938 309 iussast
965 273 1041 309 dari
1045 301 1204 316 .....

259 322 333 357 418
360 321 421 364 lta,
449 331 629 366 proxumo
655 322 828 366 quidem;
866 324 902 357 at
930 331 999 357 nos
1026 322 1159 358 unde?
1184 324 1247 357 aut
1272 331 1382 367 quam
1410 323 1460 358 ob
1487 332 1562 358 rem
1578 323 1598 358 ¹?
1625 343 1671 349 —
1699 322 1794 368 Ohe,
1839 347 1845 354 «

358 369 487 407 Actum
514 370 615 407 aiunt
641 379 687 407 ne
717 379 820 418 agas.

261 420 299 455 ln
326 421 396 456 hoc
421 429 529 455 versu
554 420 733 456 sententia
759 422 835 456 tota
864 420 1034 455 absoluta
1060 422 1137 456 est:
1164 419 1209 455 At
1236 429 1306 455 nos
1323 420 1420 456 unde
1447 421 1603 466 proximi
1630 421 1794 457 sumus?

140 471 203 504 aut
241 478 351 514 quam
403 468 452 503 ob
495 478 569 504 rem
612 469 779 513 proxumi
819 468 982 503 sumus?
1045 467 1164 511 Quem
1206 477 1351 504 versum
1395 468 1511 505 Havet
1553 478 1702 514 quoque
1744 470 1794 506 ita

141 517 403 563 interpretatur.
430 515 664 562 Quamquam
702 516 938 552 doctissimus
964 515 1021 552 ille
1047 516 1101 552 vir
1125 516 1202 552 fieri
1230 526 1340 562 posse
1369 526 1442 552 non
1470 518 1590 564 negat,
1616 519 1655 553 ut
1679 518 1793 554 verbo

142 567 260 610 „ohe“
279 566 316 602 in
340 575 448 602 versu
467 568 643 612 sequente
661 564 920 612 Demiphontis
947 565 1179 613 interrogatio
1206 575 1341 612 „quam
1357 566 1406 603 ob
1433 567 1532 603 rem“
1548 566 1793 613 intercipiatur

141 617 299 662 ideoque
325 616 415 652 haec
442 615 674 662 interrogatio
707 625 780 651 non
813 615 972 661 perfecta
997 617 1032 651 et
1057 616 1105 651 ad
1131 615 1243 652 finem
1272 616 1445 661 perducta
1472 617 1529 660 sit,
1572 616 1708 662 quibus
1745 616 1792 653 de

141 665 264 701 causis
306 664 630 710 interpellationem
658 665 803 710 punctis
830 664 1066 700 indicandum
1093 674 1176 700 esse
1203 666 1381 710 oporteat.
1432 664 1539 707 Quae
1565 675 1633 707 reS‚
1661 674 1793 710 quarn-

140 723 251 760 quam
278 713 355 750 fieri
382 714 512 759 potest,
540 715 578 749 ut
602 713 810 759 accipiatur,
836 715 958 750 tamen
985 715 1079 750 certe
1105 713 1345 750 diiudicanda
1374 723 1448 749 non
1476 715 1540 750 est.

927 792 1011 828 426.

316 870 547 905 425..
601 897 608 904 .
636 869 756 915 ipsum
784 869 989 915 prohibebo
1015 869 1138 906 domo.

418 917 531 953 Iratus
556 920 622 953 est.
650 938 696 943 —
722 918 778 953 Tu
804 920 838 953 te
866 918 962 953 idem
991 919 1121 954 melius
1145 918 1288 954 feceris.
1316 938 1363 943 —

417 966 514 1002 itane
540 976 581 1003 es
607 968 755 1012 paratus
778 966 897 1003 facere
924 977 982 1003 me
1006 967 1204 1003 advorsum
1232 967 1366 1003 omnia.

260 1016 338 1051 Hoc
382 1016 464 1051 loco
507 1015 551 1051 H.
595 1025 678 1051 cum
722 1015 944 1051 Dziatzkone
986 1018 1020 1052 et
1064 1016 1221 1052 Haulero
1266 1026 1467 1062 pronomen
1513 1017 1659 1060 „idem“
1696 1019 1792 1054 recte

141 1067 391 1110 interpretatur
429 1067 608 1107 neutrum,
647 1065 712 1099 sed
749 1065 919 1100 abhorret
961 1065 1008 1100 ab
1038 1065 1182 1100 Hauleri
1210 1065 1513 1110 interpretatione,
1539 1066 1601 1111 qui
1628 1066 1791 1112 dupplici

140 1115 278 1150 ratione
305 1115 386 1157 ‚‚te“
413 1113 567 1158 explicat
591 1112 679 1159 (abl.
707 1114 742 1149 et
767 1113 871 1159 acc.),
889 1123 972 1149 curn
998 1113 1085 1149 dicit
1102 1116 1187 1159 post
1211 1114 1322 1150 verba
1341 1115 1402 1158 „tu
1429 1116 1463 1150 te
1490 1114 1612 1150 idem“
1638 1115 1790 1151 verbum

139 1163 282 1198 finitum
324 1162 565 1207 ‚‚prohibeto“
604 1171 686 1197 esse
726 1162 972 1207 supplendum
1014 1164 1048 1198 et
1075 1163 1231 1206 „melius
1256 1162 1407 1199 ieceris“
1435 1163 1660 1199 enuntiatum
1688 1164 1724 1199 in
1750 1173 1792 1199 se

140 1212 350 1247 absolutum
377 1212 412 1246 et
438 1210 648 1256 perfectum.

259 1258 296 1296 Si
337 1269 446 1305 porro
485 1259 632 1295 codices
669 1258 699 1294 A
735 1261 769 1294 et
795 1258 846 1294 D²
872 1269 1081 1305 sequamur,
1109 1260 1170 1305 qui
1196 1259 1377 1295 vocabula
1403 1260 1539 1303 „iratus
1565 1262 1643 1297 est“
1670 1261 1788 1296 eidem

140 1308 351 1344 Phormioni
378 1308 581 1353 dant-quae
609 1308 718 1343 verba
745 1306 917 1343 Phormio
944 1318 1109 1344 seorsum
1129 1307 1245 1344 Getae
1276 1309 1477 1344 dicit-hanc
1505 1309 1637 1345 habeat
1661 1319 1790 1345 versus

138 1357 318 1393 formam:

450 1404 515 1440 Ph.
545 1404 658 1440 Iratus
684 1407 748 1440 est.
784 1425 829 1430 —
856 1405 911 1441 Tu
937 1408 971 1441 te
998 1406 1094 1442 idem
1122 1425 1168 1430 —
1196 1405 1326 1441 melius
1350 1405 1492 1441 feceris.

261 1453 399 1497 Quod,
403 1454 631 1499 ,prohibeto“
662 1454 839 1489 omissum
858 1456 924 1497 est,
943 1455 1050 1500 plane
1078 1454 1279 1490 concitatae
1296 1454 1451 1490 orationi
1470 1455 1787 1491 accommodatum

136 1505 201 1539 est.
230 1502 285 1538 Cf.
324 1503 462 1538 similes
487 1502 625 1538 formas
663 1503 822 1538 omissas
863 1502 1009 1538 Phorm.
1054 1504 1144 1539 152:
1186 1502 1291 1545 Puer,
1333 1504 1435 1538 heus.
1465 1523 1511 1528 —
1546 1503 1690 1539 Nemon
1717 1504 1788 1540 hoc

137 1551 291 1598 prodit?
318 1571 364 1576 —
392 1550 504 1596 Cape,
530 1551 578 1586 da
604 1551 673 1586 hoc
700 1549 845 1588 Dorcio.
900 1550 937 1586 ln
965 1561 1039 1597 quo
1065 1560 1173 1588 versu
1203 1551 1358 1597 ,‚prodi“
1377 1561 1451 1587 non
1479 1551 1584 1588 facile
1611 1562 1655 1588 ex
1681 1561 1785 1598 sequ.

136 1601 305 1646 ‚‚prodit“
344 1600 544 1645 suppletur,
583 1609 693 1644 quam
733 1600 954 1643 „arcessito“
991 1600 1027 1635 in
1063 1610 1170 1636 versu
1206 1600 1301 1636 440:
1354 1598 1392 1636 Si
1432 1601 1520 1645 quid
1548 1610 1642 1646 opus
1668 1601 1786 1645 fuerit,

134 1629 238 1691 heus,
280 1649 392 1684 domo
434 1658 502 1684 me.
529 1646 584 1684 Cf.
621 1647 765 1684 Phorm.
805 1648 873 1684 80:
914 1648 1046 1684 Noster
1084 1649 1168 1684 mali
1201 1649 1259 1684 nil
1286 1649 1483 1694 quicquam
1523 1649 1661 1694 primo;
1693 1650 1785 1686 113:

135 1698 197 1734 Illa
213 1698 308 1734 enim
328 1707 368 1734 se
387 1699 506 1744 negat.
526 1697 604 1733 Hoc
620 1697 769 1742 quidem
794 1698 875 1733 loco
895 1697 937 1733 H.
962 1699 1095 1734 rectam
1116 1697 1299 1734 invenisse
1318 1698 1459 1734 videtur
1479 1698 1784 1735 emendationem.

917 1776 1002 1811 430.

499 1853 705 1889 Ferundum
731 1853 838 1889 fers?
862 1852 952 1888 Tuis
978 1853 1129 1900 dignum
1156 1853 1262 1889 factis
1287 1853 1427 1889 feceris.

251 1900 343 1937 Cod.
371 1901 497 1938 Bemb.
524 1902 670 1937 exhibet
696 1901 850 1944 ‚‚feres“,
877 1902 984 1937 ceteri
1012 1902 1166 1944 ,‚feras“.
1220 1901 1294 1938 Sed
1321 1912 1404 1940 cum
1429 1904 1597 1937 neutrum
1626 1902 1783 1937 metricis

130 1950 177 1986 de
215 1950 337 1985 causis
378 1950 499 1985 versui
540 1951 664 1995 aptum
704 1950 761 1992 sit,
801 1950 872 1985 iam
913 1949 1073 1986 Faernus
1103 1949 1130 1997 ¹)
1156 1951 1402 1986 coniecturam
1430 1949 1551 1993 „fers“
1579 1950 1781 1995 proposuit,

130 2008 242 2044 quam
269 1998 390 2034 adhuc
417 2005 547 2034 omnes
572 1999 730 2034 editores
755 2001 978 2043 receperunt.

250 2047 366 2083 Havet
391 2049 493 2093 putat
519 2046 659 2091 „feres“
687 2047 769 2083 cod.
797 2046 924 2083 Bemb.
952 2057 1070 2092 usque
1109 2057 1191 2083 esse
1217 2047 1427 2091 tenendum,
1453 2056 1590 2092 quare
1630 2046 1782 2092 probata

128 2097 228 2133 aliud
253 2097 405 2133 verbum
423 2097 490 2133 eici
518 2106 668 2133 necesse
695 2106 788 2133 esse.
816 2095 926 2140 Quod
953 2096 1103 2133 verbum
1132 2096 1176 2132 H.
1203 2096 1307 2133 facile
1334 2098 1514 2143 repertum
1543 2096 1781 2133 considerans
1824 2117 1826 2119 v
1875 2123 1877 2125 >

128 2147 164 2181 in
191 2147 382 2182 codicibus
399 2145 432 2181 D
471 2145 506 2182 G
544 2147 718 2191 scriptum
737 2155 819 2181 esse
847 2145 975 2188 „factis
1002 2146 1190 2193 dignum“,
1216 2146 1297 2182 aliis
1322 2148 1444 2182 autem
1473 2145 1574 2181 libris
1601 2146 1779 2193 „dignum
1842 2184 1845 2185 γ

125 2195 255 2231 factis“
284 2197 385 2240 putat
412 2204 494 2231 esse
519 2195 684 2242 dignum,
712 2195 813 2240 quod
839 2204 861 2230 a
887 2204 1039 2231 numero
1065 2204 1193 2231 versus
1218 2195 1422 2231 abhorreat.
1475 2193 1543 2232 Cui
1569 2204 1780 2231 accommo-

127 2245 252 2355 {liatum
280 2254 362 2280 esse
390 2244 684 2291 monnsyllabum
712 2244 930 2280 adiectivum
959 2246 1083 2289 ,‚par“.
1124 2243 1207 2288 Qua
1234 2244 1371 2280 ratione
1397 2244 1505 2280 talem
1533 2244 1619 2290 legit
1632 2253 1779 2280 versum

161 2303 228 2328 ave
259 2304 266 2328 :

248 2361 270 2397 ι)
311 2353 470 2390 Faernus:
500 2360 597 2398 (apud
629 2359 852 2398 Bentleiump
832 2369 862 2398 p.
892 2360 974 2398 474.)
1005 2360 1096 2391 Liber
1126 2360 1300 2390 Bembinus
1331 2360 1426 2390 habet
1458 2359 1561 2390 feres:
1603 2358 1779 2390 Ubaldinus

125 2399 328 2429 Bandinellus
348 2400 471 2437 legebat
490 2398 555 2435 fer3
578 2407 637 2430 nos
657 2399 730 2435 fers,
752 2402 783 2429 ut
803 2399 853 2435 sit,
874 2399 948 2438 quin
969 2399 1042 2436 fers,
1063 2400 1150 2438 quod
1171 2402 1221 2430 est
1240 2399 1436 2430 ferundum?
1470 2407 1542 2429 nam
1563 2399 1594 2428 et
1625 2398 1779 2435 Donatus,

124 2439 203 2468 haec
233 2447 288 2475 per
318 2447 470 2475 praesens
499 2440 624 2476 tempus
654 2439 790 2476 exponit,
823 2440 869 2469 sic
899 2439 1008 2469 dicens
1039 2447 1113 2475 „cur
1145 2447 1208 2469 non
1231 2438 1330 2476 inquit
1349 2439 1577 2468 accommodas
1599 2437 1779 2468 necessitati

123 2478 332 2507 voluntatem“
344 2478 451 2507 .haec
471 2478 531 2508 ille.
572 2478 614 2508 lta
634 2477 776 2515 procedit
796 2486 915 2514 versus,
937 2477 1026 2508 aliter
1045 2478 1233 2515 impeditus:
1256 2486 1337 2515 quae
1358 2485 1434 2507 vero
1458 2476 1641 2514 sequuntur,
1663 2477 1694 2507 et
1726 2476 1779 2507 ille

121 2517 192 2554 ipse
226 2516 465 2554 antiquissimus
498 2517 584 2553 liber,
619 2520 648 2547 et
680 2516 848 2565 Vaticanus
882 2520 912 2548 et
946 2516 1150 2553 Basilicanus‚
1185 2519 1215 2547 et
1251 2516 1346 2554 aliqui
1381 2516 1433 2546 alii
1457 2516 1498 2546 ita
1519 2516 1693 2547 collocant:
1714 2515 1778 2547 tuis
1833 2537 1838 2540 ,
1869 2500 1888 2544 J?

120 2556 251 2594 dignum
272 2555 363 2586 factis
394 2555 519 2586 feceris.
