1921 2789
716 181 918 223 145-146,
945 182 1152 217 502—503.

171 253 174 254 ’
201 224 205 227 ,
226 234 282 283 Ex
304 248 454 290 ratione,
484 257 557 292 qua
583 247 627 282 H.
654 256 783 283 versus
800 248 947 284 84—86
964 249 999 283 et
1020 248 1210 284 145—-146
1227 247 1400 290 tractavit,
1419 247 1515 282 clare
1532 246 1749 292 intellegitur

77 298 85 301 *
110 296 208 333 hunc
232 295 349 332 virum
377 296 525 335 doctum
552 297 677 331 contra
702 305 847 332 omnem
866 296 1067 332 doctrinam
1094 296 1344 342 rationemque
1369 296 1601 331 scientiarum
1627 303 1747 341 agere.

234 344 355 380 Lectio
381 344 482 380 libris
507 344 657 380 traditur
682 344 795 380 haec:

227 390 296 427 Da.
321 391 421 435 Quid
446 392 687 439 paedagogus
721 392 790 435 ille,
820 392 884 437 qui
910 392 1171 428 citharistriam.

226 439 327 484 Quid
353 441 403 477 rei
428 440 552 488 gerit?
577 439 644 477 Ge.
671 439 743 484 Sic,
769 441 931 477 tenuiter.
958 439 1026 477 Da.
1053 440 1137 477 Non
1164 441 1315 477 multum
1342 440 1462 483 habet,

228 488 338 532 Quod
365 490 436 533 det,
463 489 651 525 fortasse?
686 488 769 526 Ge.
801 489 916 525 Immo
943 489 992 525 nil
1019 490 1088 525 nisi
1115 499 1218 534 spem
1246 499 1393 524 meram.

228 537 266 572 ln
291 547 399 573 versu
431 538 498 573 146
524 538 679 583 legimus
705 538 844 580 „lmmo
870 537 919 573 nil
948 565 955 572 .
984 565 992 573 .
1021 566 1029 572 .
1056 539 1229 580 meram“‚
1271 537 1409 572 omissa
1446 545 1537 571 voce
1577 535 1745 578 „habet“

108 584 254 631 Hiatum
299 587 384 631 post
424 585 643 622 vocabulum
686 585 887 628 „fortasse“
929 585 966 620 in
1009 585 1101 621 thesi
1144 586 1304 631 positum
1340 593 1520 630 personae
1545 584 1744 619 mutatione

106 634 272 669 excusari
297 634 434 679 optime
459 634 618 669 ostendit
657 633 801 669 Hauler.
821 633 849 679 ¹)

223 681 397 717 Havetius
421 684 541 717 autem
568 682 760 717 lectionem
786 681 887 727 apud
913 681 1086 724 Nonium,
1115 691 1149 726 p.
1189 681 1272 723 344,
1299 680 1466 715 traditam
1492 681 1618 715 tenet:
1658 679 1745 714 nihil

43 755 50 761 f
106 729 215 765 habet
240 730 310 765 nisi
346 740 449 775 spem
484 739 631 766 meram.
684 728 803 772 Quam
829 729 1068 765 lectionemen
1093 732 1128 765 et
1154 729 1422 765 Fleckeisenius
1451 727 1481 774 ³)
1494 728 1531 763 in
1549 727 1745 764 editionem

106 787 210 814 suam
257 778 401 824 recepit.
464 777 537 814 Sed
576 778 647 813 iam
705 777 838 814 Hauler
873 777 1062 823 aptissime
1111 777 1363 813 animadvertit
1397 777 1548 812 verbum
1589 776 1746 819 „habet“

40 851 49 856 -
105 826 274 873 perfacile
299 836 322 863 a
339 827 500 873 quodam
518 826 756 874 grammatico
780 826 867 863 addi
882 827 1056 872 potuisse,
1071 826 1102 862 si
1120 826 1312 863 omisimus
1326 825 1365 862 Ε.
1382 824 1522 862 Bartels
1536 824 1566 870 ³)
1593 834 1743 871 corrup-

103 876 241 913 tionem
267 878 387 911 textus
412 876 571 911 Noniani
598 886 663 921 per
686 876 830 922 glossas
855 876 1008 920 eiusque
1033 876 1258 922 grammatici
1298 875 1506 910 socordiam
1542 875 1579 909 in
1614 875 1743 910 alienis

103 923 355 969 scriptoribus?
394 924 588 959 laudandis
623 924 942 966 demonstravisse,
982 925 1021 959 ut
1070 933 1139 959 nos
1177 923 1325 968 quidem
1362 933 1436 958 non
1479 923 1742 968 intellegamus,

0 967 12 1022 ἶ
41 973 42 976 ’
104 981 168 1009 cur
194 971 238 1008 H.
277 982 356 1009 eam
394 973 584 1009 lectionem
621 982 746 1009 rursus
785 972 1000 1018 praetulerit.
1062 972 1153 1009 Mihi
1190 972 1339 1018 quidem
1376 973 1560 1018 praeterea
1598 970 1742 1007 Nonius

103 1021 257 1056 consilio
307 1022 459 1064 „habet“
500 1022 697 1057 inseruisse
735 1022 886 1064 videtur,
925 1031 1007 1056 cum
1045 1021 1199 1056 formam
1237 1030 1366 1056 versus
1419 1021 1489 1063 „nil
1528 1020 1596 1055 nisi
1635 1030 1740 1065 spem

103 1070 265 1105 meram“
294 1070 421 1105 durius
447 1070 481 1104 et
505 1069 673 1105 acerbius
699 1069 831 1105 dictam
859 1079 940 1104 esse
967 1069 1178 1115 putavisset.

217 1127 336 1164 Verbo
367 1127 519 1171 „habet“
547 1129 668 1164 autem
695 1128 820 1164 addito
848 1127 891 1163 H.
919 1120 1092 1164 numeros
1116 1137 1245 1164 versus
1271 1127 1441 1172 corrupit,
1467 1126 1573 1162 cuius
1595 1126 1742 1163 ‹restitu-

3 1171 7 1173 “
51 1196 55 1198 ς
100 1176 186 1211 endi
212 1185 324 1211 causa
349 1186 415 1221 pro
442 1177 605 1222 longiore
632 1177 833 1219 „fortasse“
860 1177 1152 1222 monosyllabum
1184 1176 1272 1211 illud
1299 1175 1421 1218 „fors“
1461 1175 1626 1211 coniecit.
1666 1174 1740 1211 Sed

100 1223 301 1267 ,‚fortasse“
339 1226 394 1260 est
429 1224 535 1260 lectio
574 1224 753 1260 difficilior
788 1224 978 1260 codicibus
1016 1225 1157 1268 tradita,
1200 1233 1295 1269 quae
1334 1223 1442 1259 nobis
1478 1224 1636 1259 tenenda
1674 1225 1740 1266 est,

101 1272 171 1308 nisi
197 1273 423 1316 gravissimis
448 1273 570 1308 causis
596 1282 676 1309 eam
703 1274 841 1309 mutare
868 1273 1044 1320 cogimur.

216 1321 301 1357 Item
345 1321 539 1357 offenditur
566 1321 610 1357 H.
634 1322 747 1358 verbo
774 1322 908 1365 „habet
934 1322 971 1357 in
1008 1333 1041 1357 v.
1072 1322 1151 1365 145,
1179 1322 1280 1367 quod
1318 1331 1401 1357 cum
1440 1330 1530 1356 voce
1572 1320 1737 1364 „adhuc“

77 1364 260 1410 mutavit,
299 1380 409 1414 quam
447 1371 495 1405 ab
534 1371 634 1405 initio
661 1371 719 1406 hic
745 1371 913 1415 scriptam
951 1370 1066 1405 fuisse
1092 1372 1204 1415 putat,
1232 1370 1267 1405 in
1303 1370 1408 1405 cuius
1434 1370 1555 1404 locum
1585 1369 1737 1412 „habet“

98 1418 205 1463 quasi
241 1417 368 1465 glossa
406 1418 597 1464 irrepserit.
650 1417 765 1455 Simili
803 1419 915 1454 modo
940 1418 1302 1464 explicat>,fortasse'
1330 1419 1369 1453 ut
1394 1418 1555 1464 glossam
1583 1417 1739 1463 positam

96 1475 180 1502 esse
217 1476 294 1512 pro,
320 1467 433 1511 ‚fors’.
494 1466 566 1510 Qui
605 1467 654 1503 ita
689 1477 734 1504 ex
759 1467 907 1503 arbitrio
933 1477 1002 1503 suo
1028 1468 1166 1503 ratione
1193 1467 1316 1503 critica
1341 1467 1460 1510 utitur,
1487 1468 1583 1502 certo
1610 1476 1740 1502 omnes

96 1524 226 1552 versus
250 1516 298 1552 ad
325 1526 429 1552 suam
456 1517 678 1553 voluntatem
704 1516 842 1564 fingere
873 1518 1003 1562 potest.

213 1563 270 1601 Ad
289 1575 381 1610 quas
398 1566 625 1602 coniecturas
643 1565 758 1602 Havet
772 1566 955 1604 adductus
980 1567 1045 1609 est,
1065 1565 1165 1611 quod
1185 1565 1385 1601 Phaedriae
1412 1565 1535 1610 inopia
1562 1565 1738 1610 pecuniae

96 1612 168 1649 iam
207 1623 315 1649 versu
350 1614 399 1650 84
436 1614 594 1651 dilucide
635 1616 920 1650 commemorata
956 1616 1022 1658 est,
1062 1624 1171 1660 quam
1211 1615 1260 1650 ob
1293 1624 1368 1650 rem
1396 1614 1550 1650 eandem
1577 1613 1738 1659 inopiam

97 1662 225 1698 iterum
252 1662 289 1698 in
316 1664 441 1699 nostro
466 1673 575 1699 versu
600 1673 766 1699 enarrare
792 1672 943 1700 necesse
970 1673 1044 1699 non
1070 1673 1152 1699 esse
1178 1663 1221 1699 H.
1249 1665 1361 1709 putat.
1401 1661 1506 1706 Quae
1531 1662 1597 1698 fuit
1614 1672 1737 1705 causa,

6 1710 14 1750 ζ
43 1720 49 1723 “
95 1720 208 1756 quare
266 1709 445 1747 Schubert
456 1711 486 1757 4)
528 1722 655 1747 versus
700 1712 889 1747 145-146
958 1713 1072 1747 eiecit.
1113 1711 1186 1748 Sed
1237 1713 1307 1747 iam
1350 1710 1524 1747 Dziatzko
1565 1713 1660 1747 recte
1704 1712 1740 1747 id

94 1759 234 1795 monuit
276 1761 421 1805 poetam
463 1760 617 1806 simplici
660 1761 695 1796 et
737 1760 888 1796 naturali
931 1760 1042 1796 modo
1097 1760 1287 1796 transitum
1342 1759 1461 1796 facere
1514 1759 1561 1795 ad
1600 1761 1737 1805 patrem

0 1808 55 1857 ‚³⁷:32
94 1806 306 1845 Phaedriae.
358 1807 463 1852 Geta,
502 1819 596 1855 quae
631 1819 714 1845 cum
752 1809 959 1855 Antiphone
1001 1810 1123 1856 egerit,
1179 1808 1284 1846 Davo
1327 1809 1487 1855 exponit,
1532 1819 1596 1854 per
1627 1818 1736 1855 quem

2 1861 20 1901 ᾗ
35 1882 37 1885 -
52 1865 55 1901 ζ
71 1890 78 1892 i
94 1857 374 1904 interrogantem
413 1859 585 1894 transitus
609 1858 745 1904 optime
770 1858 1032 1904 aptissimeque
1057 1858 1098 1894 fit
1123 1859 1170 1894 ad
1213 1859 1414 1904 sequentia.
1453 1856 1558 1901 Quae
1598 1857 1739 1894 Havetii

0 1911 14 1954 ζῇ
95 1906 313 1950 coniectura,
340 1916 563 1953 quamquam
590 1907 785 1953 splendida
810 1909 845 1943 et
858 1907 1155 1954 ingeniosissima
1180 1908 1394 1943 sententiam
1420 1908 1490 1943 loci
1516 1907 1595 1942 sine
1620 1907 1736 1943 dubio

0 1957 7 1986 ἰ·
31 1959 59 1980 -’
96 1955 228 1991 clarius
253 1956 430 2001 exprimit,
456 1957 577 2005 tamen
616 1956 716 1992 nullo
758 1956 871 1993 modo
897 1956 1043 2002 probari
1071 1958 1201 2002 potest,
1229 1966 1339 2002 quam
1367 1956 1416 1992 ob
1443 1965 1517 1992 rem
1546 1956 1737 1992 lectionem

43 2009 47 2011 ’
93 2004 272 2051 traditam,
299 2014 393 2050 quae
420 2005 527 2050 plane
553 2006 787 2051 perspicuum
814 2005 963 2051 praebet
989 2015 1151 2049 sensum,
1202 2005 1420 2041 tenebimus.

0 2047 17 2057 s

212 2061 327 2098 Simili
370 2063 482 2099 modo
524 2073 652 2099 versus
704 2064 812 2099 502-
827 2064 899 2100 503
943 2066 1133 2109 corruptos
1181 2073 1263 2100 esse
1307 2063 1350 2099 H.
1394 2065 1506 2109 putat,
1550 2073 1645 2109 quos
1687 2063 1736 2099 ita

0 2096 53 2147 2⁹⁷²&
97 2111 292 2147 emendare
310 2113 462 2147 conatus
486 2114 564 2148 est:

0 2165 32 2178 μ..

211 2158 314 2204 Miq
329 2169 384 2195 ue
410 2160 445 2195 il
464 2160 508 2195 le
534 2160 641 2195 alia
667 2170 686 2195 c
703 2169 775 2196 um
803 2162 1004 2205 occupatus
1029 2162 1126 2196 esset
1152 2161 1405 2203 sollicitudine,

209 2206 303 2243 Tum
342 2208 412 2243 hoc
455 2218 537 2244 esse
563 2209 744 2244 obiectum
773 2208 931 2245 malum!
971 2229 1017 2234 ——
1044 2207 1143 2252 Quid
1170 2210 1262 2245 istuc
1288 2211 1344 2245 est
1368 2210 1489 2245 autem
1528 2207 1738 2245 Phaedria?

211 2254 444 2302 Quamquam
483 2257 647 2293 concedo
686 2258 929 2293 coniecturam
956 2258 1052 2293 illius
1070 2258 1136 2294 viri
1175 2258 1377 2294 doctissimi
1403 2258 1736 2304 ingeniosissimam

0 2296 37 2344 232
83 2313 191 2349 esse,
209 2306 330 2342 tamen
348 2314 459 2351 quam
486 2305 619 2342 Hauler
636 2306 672 2342 in
699 2306 858 2342 editione
882 2316 952 2343 sua
970 2306 1119 2353 praebet
1144 2316 1270 2343 versus
1295 2307 1450 2343 formam
1489 2307 1734 2353 recipiendam

0 2379 56 2414 {²515

0 2420 45 2447 ³1:¹22.-
59 2430 63 2432 ·

0 2444 43 2492 Ξέῗῖ
61 2454 72 2475 ·»

0 2543 44 2568 ¹3:¹3

0 2567 20 2583 ,kz

0 2584 24 2604 s:

97 2362 180 2389 esse
216 2356 317 2400 puto,
357 2354 459 2400 quod
497 2356 532 2390 et
569 2355 748 2391 sententia
784 2365 913 2391 versus
954 2356 1043 2391 satis
1081 2356 1175 2392 clare
1214 2356 1423 2401 exprimitur
1453 2358 1487 2391 et
1513 2356 1603 2391 haec
1629 2356 1734 2392 lectio

212 2424 220 2438 ¹
255 2420 293 2452 cf.
314 2421 349 2451 E.
369 2420 484 2451 Hauler
503 2420 534 2451 in
555 2420 754 2452 Phormionis
773 2421 910 2452 editione
931 2430 951 2459 p
964 2430 1013 2460 ag.
1033 2422 1081 2455 95.

210 2460 233 2536 ἔ)
256 2459 293 2528 ll}
313 2460 439 2529 {223¹}
460 2459 535 2529 Adfigis
544 2460 831 2530 cffin<zeziitialej<reg:3
842 2461 877 2490 Α.
898 2458 1091 2497 Fleckeisen,
1111 2461 1234 2499 Lipsiae
1252 2462 1335 2498 1898,
1346 2461 1501 2492 Teubner.

210 2537 236 2575 ⁴)
275 2537 314 2567 Ο.
334 2521 497 2575 Schub'ert,
518 2508 625 2577 S'ymtff
645 2522 695 2568 ad.
715 2522 786 2569 Ter.
811 2524 943 2576 emend„
964 2547 994 2576 p.
1018 2539 1063 2568 14.
