1921 2789
900 93 946 98 ,-.
972 72 997 109 8
1023 92 1070 100 ..
1114 47 1120 55 ’

165 169 279 206 multo
306 169 427 206 minus
453 170 589 206 recedit
614 180 636 206 a
663 169 817 206 lectione
844 170 985 206 tradita.
1038 170 1162 217 ltaque
1188 179 1271 205 cum
1300 169 1470 206 Haulerio
1509 170 1688 217 legimus:

162 217 281 264 Atque
306 218 467 265 Antipho
491 219 563 255 alia
589 229 701 265 quom
729 221 932 266 occupatus
959 221 1056 256 esset
1082 218 1328 255 sollicitudine

162 267 256 303 Tum
285 268 354 304 hoc
388 279 470 305 esse
498 269 545 304 mi
575 269 758 305 obiectum
787 270 934 305 malum.
962 268 1027 305 An.
1052 268 1120 312 Ah,
1148 268 1237 314 quid
1263 267 1355 304 istuc
1381 269 1436 304 est
1449 269 1569 304 autem
1597 265 1777 305 Phaedria
1790 252 1819 307 ’ἓν
1848 313 1851 317 ,

893 337 1094 372 175—176.

435 404 479 440 At
504 407 542 440 tu
570 405 657 441 mihi
684 407 808 441 contra
835 415 931 441 nunc
957 405 1080 441 videre
1116 405 1331 448 fortunatus,
1360 403 1550 447 Phaedria,

438 452 535 495 Quoi
561 454 607 488 de
633 454 774 499 integro
801 456 856 488 est
882 456 1044 499 potestas
1070 454 1176 489 etiarn
1204 453 1432 495 consulendi,
1460 453 1548 498 quid
1575 453 1690 488 velis:

332 502 400 537 175
441 501 606 538 Retinere
645 511 767 538 amare
807 502 990 545 amittere;
1040 511 1111 548 ego
1150 502 1186 537 in
1225 511 1308 537 eum
1348 501 1459 537 incidi
1507 500 1630 537 infelix
1679 502 1811 546 locum,

438 550 485 586 Ut
512 560 630 596 neque
658 551 745 586 mihi
773 551 818 586 sit
844 550 1031 586 amittendi
1060 560 1125 586 nec
1151 550 1328 587 retinendi
1356 550 1473 595 copia.

281 597 457 641 Retinere,
484 608 618 641 amare,
645 599 808 634 amittere
835 599 871 634 in
911 599 1084 634 omnibus
1110 601 1165 634 est
1191 599 1292 645 libris
1319 608 1429 634 manu
1456 598 1600 643 scriptis
1639 598 1810 644 idemque

162 646 296 693 legisse
322 649 474 693 apparet
500 646 698 691 Donatum,
730 658 812 684 cum
828 648 988 684 scribat:
1019 646 1139 691 „Quid
1165 647 1267 691 velis,
1295 647 1457 691 retinere,
1483 656 1617 691 amare,
1635 647 1809 691 amittere,
1854 659 1856 663 ·

163 705 209 730 an
236 696 429 732 coniuncte
455 697 651 743 legendum
679 699 734 733 est
761 697 849 742 quid
876 697 967 733 velis
1011 697 1173 740 retinere,
1201 699 1239 732 ut
1265 697 1339 732 duo
1366 697 1438 732 sint
1464 705 1596 739 amare,
1635 697 1809 742 amittere,

163 744 250 789 quia
276 746 311 780 et
339 745 430 781 infra
457 746 532 781 duo
563 746 680 782 reddit
715 748 752 781 ut
793 756 912 791 neque
949 746 1035 781 rnihi
1076 746 1122 781 sit
1159 746 1238 781 eius
1263 746 1449 781 amittendi
1476 754 1594 790 neque
1633 745 1811 781 retinendi

161 793 302 838 copia.“
369 793 552 840 Eugraphi
592 795 923 840 interpretationem
962 793 1096 840 (utrum
1135 794 1219 830 velit
1258 794 1395 829 mittere
1433 803 1480 829 an
1518 803 1605 829 vero
1642 793 1810 840 retinere)

161 843 310 877 secutus
330 841 647 888 Umptenbachius
673 844 817 889 scripsit
847 844 1018 886 „retinere
1044 853 1091 878 an
1117 853 1204 879 vero
1230 843 1428 886 amittere“,
1456 842 1640 878 Bentleius
1657 842 1811 879 coniecit

165 891 339 932 „retinere
365 901 488 926 amare
513 902 560 926 an
588 893 762 927 mittere“.
794 891 980 934 „Retinere
1006 902 1167 927 amorem
1194 901 1240 926 an
1268 892 1427 927 mittere“
1458 891 1611 926 Bothius
1645 892 1810 927 conicere

164 938 250 980 vult,
278 948 388 983 quam
416 940 662 974 coniecturam
690 940 726 974 in
754 940 912 975 editione
939 940 1049 974 altera
1076 939 1244 984 probavit
1270 938 1456 981 Dziatzko,
1483 939 1545 983 qui
1572 939 1651 983 ipse
1678 939 1714 974 in
1752 939 1809 974 ed.

162 986 279 1031 prima
321 997 422 1030 „eam
450 998 546 1023 anne
572 988 756 1024 amittere“
799 988 952 1033 scripsit.
1006 987 1053 1024 Ut
1079 986 1315 1024 Goldbacher
1340 986 1503 1033 (Wiener
1538 985 1688 1023 Studien
1724 986 1808 1030 Vll„

163 1045 197 1080 p.
230 1034 314 1082 163)
353 1037 514 1072 ostendit
552 1046 618 1082 pro
657 1039 821 1079 „amare“
850 1036 955 1072 facile
982 1036 1090 1071 scribi
1118 1038 1238 1081 potest
1263 1038 1452 1080 „amore“,
1480 1045 1575 1081 quae
1602 1036 1810 1072 coniectura

162 1084 242 1119 sola
282 1085 445 1129 proxime
496 1085 543 1120 ad
583 1085 755 1121 librorum
808 1086 1022 1130 scripturam
1061 1085 1235 1121 accedere
1274 1085 1427 1121 videtur.
1493 1084 1704 1131 Brugmann
1743 1093 1810 1130 pro

159 1142 281 1168 amare
318 1143 388 1175 „an
423 1144 445 1169 a
483 1136 540 1169 te“
569 1135 733 1177 coniecit,
761 1144 871 1178 quam
911 1134 1154 1169 coniecturam
1182 1133 1391 1169 Fleckeisen
1418 1134 1455 1168 in
1482 1133 1538 1169 ed.
1566 1143 1634 1169 sua
1660 1134 1809 1169 secutus

162 1182 218 1216 est
243 1183 278 1217 et
305 1181 421 1217 Havet
447 1182 516 1218 hoc
543 1182 752 1218 discrimine
778 1182 919 1228 probat,
946 1182 1045 1228 quod
1086 1192 1152 1228 pro
1181 1191 1249 1225 „an
1276 1191 1297 1217 a
1323 1183 1382 1217 te“
1409 1179 1625 1217 ANAPSTE
1651 1181 1809 1217 scribere

158 1230 245 1266 vult.
309 1230 375 1267 AN
414 1233 534 1267 autem
573 1234 749 1268 mutatum
789 1241 872 1268 esse
911 1231 997 1267 dicit
1036 1232 1072 1267 in
1110 1231 1181 1267 AM
1208 1241 1297 1277 „par
1322 1231 1556 1277 anticipation
1584 1241 1646 1266 sur
1672 1231 1705 1267 le
1731 1232 1807 1267 mot

160 1279 316 1319 suivant,
345 1280 428 1324 puis
453 1279 677 1315 AMAPSTE
702 1290 724 1315 a
751 1280 818 1322 ete,
845 1282 922 1315 tant
949 1280 1033 1315 bien
1061 1289 1132 1324 que
1160 1281 1243 1322 mal,
1271 1280 1432 1315 converti
1469 1289 1514 1315 en
1541 1289 1589 1314 un
1617 1281 1693 1314 mot
1719 1279 1806 1314 latin

163 1326 224 1371 qui
253 1327 408 1363 semblat
433 1330 624 1373 permettre
652 1338 723 1364 une
750 1328 1033 1364 construction.“
1061 1328 1189 1373 Neque
1215 1328 1283 1363 hac
1311 1328 1518 1363 coniectura
1544 1329 1664 1363 textus
1698 1327 1807 1372 plane

159 1378 317 1412 sanatur.

277 1424 387 1467 Quod
414 1427 535 1460 autem
562 1426 622 1460 alii
649 1426 713 1461 viri
741 1426 838 1460 docti
865 1425 1039 1460 omnibus
1066 1425 1122 1460 his
1148 1425 1367 1460 coniecturis
1393 1425 1585 1460 lectionem
1613 1425 1806 1460 codicibus

158 1474 336 1508 servatam
376 1476 597 1519 proponunt,
626 1474 741 1510 Havet
779 1475 849 1509 hoc
876 1474 994 1509 solum
1022 1474 1198 1519 opponit:
1226 1483 1291 1516 „ce
1317 1474 1379 1518 qui
1407 1482 1544 1518 prouve
1571 1482 1642 1519 que
1670 1473 1808 1518 l'esprit

157 1531 179 1556 a
218 1531 266 1556 un
306 1522 416 1558 faible
456 1532 548 1567 pour
595 1522 815 1558 l'absurde.“
880 1521 918 1559 Si
958 1522 1041 1567 quis
1079 1523 1267 1558 lectionem
1295 1522 1464 1557 codicum
1504 1522 1551 1557 ad
1590 1522 1804 1558 sententiam

159 1569 266 1614 plane
291 1571 609 1607 accommodatam
642 1571 833 1616 improbet,
861 1580 1012 1606 necesse
1040 1572 1094 1606 est
1120 1580 1202 1606 eum
1231 1580 1362 1606 causas
1388 1571 1620 1615 rationesque
1647 1569 1806 1616 proferre

159 1628 272 1663 quare
299 1620 529 1655 coniecturas
554 1620 743 1665 praeferat.
772 1619 880 1657 Recte
912 1629 1000 1666 ergo
1028 1619 1131 1655 lectio
1159 1619 1346 1664 „retinere,
1373 1627 1506 1662 amare,
1532 1619 1717 1655 amittere“
1758 1619 1806 1655 ab

159 1667 318 1703 Haulero
350 1668 506 1713 aliisque
534 1669 620 1704 viris
650 1669 768 1704 doctis
799 1668 983 1713 probatur,
1010 1669 1071 1713 qui
1099 1668 1135 1703 id
1167 1678 1249 1704 esse
1291 1670 1419 1713 putant
1456 1678 1574 1714 genus
1618 1667 1805 1713 quoddam

158 1716 320 1761 vulgare.
340 1715 365 1762 ¹)
409 1715 565 1752 Skutsch
606 1716 744 1752 confert
779 1716 893 1752 Plaut.
935 1716 1066 1752 Bacch.
1112 1717 1192 1752 158:
1222 1716 1289 1751 Hic
1331 1717 1443 1752 vereri
1488 1716 1654 1761 perdidit.
1681 1716 1733 1752 Ita
1774 1717 1809 1752 et

158 1762 317 1810 Spengel
357 1763 478 1811 (Burs.
517 1765 588 1801 vol.
627 1766 685 1808 68,
726 1775 761 1810 p.
793 1764 900 1811 l90):
929 1767 981 1803 Es
1008 1765 1054 1800 ist
1079 1765 1159 1800 eine
1186 1764 1382 1800 zweifache
1407 1764 1608 1811 Erklarung
1635 1764 1805 1811 moglich,

157 1814 341 1849 entweder
365 1823 499 1856 amare,
527 1814 857 1860 gleichbedeutend
893 1815 955 1849 mit
969 1823 1130 1849 amorem
1149 1814 1203 1849 als
1230 1812 1315 1860 Obj.
1342 1824 1388 1849 zu
1402 1814 1553 1849 retinere
1581 1824 1615 1849 u.
1642 1813 1805 1849 amittere

157 1871 200 1896 zu
229 1862 385 1897 nehmen
414 1864 506 1898 nach
533 1862 710 1909 Analogie
749 1872 822 1898 von
863 1863 963 1898 mitte
1005 1872 1139 1904 amare,
1180 1862 1269 1898 oder
1301 1872 1423 1898 amare
1449 1863 1533 1897 dem
1561 1862 1625 1897 Inf.
1653 1862 1805 1898 retinere

156 1909 431 1955 gleichstehend
460 1921 504 1946 zu
532 1911 668 1953 fassen,
689 1911 723 1946 d.
756 1912 790 1946 h.
809 1913 871 1946 aut
901 1920 981 1946 earn
1001 1911 1153 1946 retinere
1180 1912 1289 1956 atque
1308 1920 1429 1946 amare
1447 1912 1511 1945 aut
1529 1919 1611 1945 eam
1630 1910 1804 1952 amittere,

155 1961 204 1993 so‘
225 1958 296 1994 dass
324 1959 388 1994 der
415 1958 564 1995 Dichter
583 1959 630 1994 im
659 1962 777 1994 ersten
805 1958 934 1995 Gliede
953 1960 1042 1994 zwei
1068 1959 1187 1994 Verba
1204 1959 1347 2002 wahlte‚
1368 1969 1428 1994 urn
1456 1959 1570 1994 durch
1598 1958 1805 2004 Beiftigung

154 2006 221 2041 des
247 2016 370 2042 amare
396 2007 502 2042 einen
529 2006 770 2053 Gleichklang
797 2008 860 2042 mit
886 2008 1048 2042 amittere
1075 2017 1119 2041 zu
1160 2007 1333 2042 erhalten.

940 2074 1023 2109 209.

431 2141 499 2179 Ge.
529 2142 607 2178 Hoc
635 2143 722 2178 nihil
759 2144 825 2186 est,
855 2142 1034 2178 Phaedria
1061 2142 1165 2178 ilicet.

153 2190 251 2234 Quid
265 2192 322 2226 hic
332 2192 554 2227 conterimus
567 2202 715 2237 operam
727 2192 858 2227 frustra
873 2192 893 2227 ¹?
905 2190 1002 2234 Quin
1013 2191 1107 2227 abeo
1119 2192 1139 2227 Ῥ
1150 2190 1214 2226 Ph.
1228 2191 1270 2227 Et
1282 2192 1429 2236 quidem
1443 2201 1513 2238 ego
1525 2192 1545 2228 t>
1554 2191 1608 2228 An
1622 2191 1799 2229 Obsecro.
1829 2204 1839 2208 -
1871 2195 1875 2198 '

273 2239 334 2286 „Je
362 2250 406 2276 ne
433 2241 514 2277 vois
541 2250 608 2286 pas
632 2241 682 2276 du
708 2242 787 2276 tout
814 2240 998 2286 pourquoi
1027 2238 1120 2277 Geta
1147 2240 1306 2286 poserait
1331 2240 1353 2276 a
1392 2240 1547 2277 Phedria
1573 2240 1606 2277 la
1632 2240 1803 2287 question

157 2287 255 2330 Quin
282 2289 412 2325 abeo‘?
437 2289 571 2332 „Nullo
599 2291 711 2325 modo
742 2292 862 2325 autem
890 2288 982 2325 Geta
1023 2289 1239 2325 Phaedriam
1277 2290 1473 2336 interrogat
1499 2290 1564 2326 sed
1604 2300 1644 2326 se
1670 2291 1802 2335 ipsum.
1869 2323 1874 2326 ,

156 2337 253 2372 Licet
279 2338 392 2382 „quin
420 2338 538 2373 abeo“
567 2338 856 2373 adhortationem
877 2339 1071 2380 contineat,
1097 2340 1218 2373 tamen
1245 2338 1314 2373 hoc
1340 2338 1564 2374 enuntiatum
1590 2338 1664 2374 vim
1691 2339 1802 2374 inter-

270 2414 291 2458 ¹)
313 2407 415 2444 Ka—uer
435 2413 575 2452 (Wiener
607 2413 747 2449 Studien,
776 2413 865 2450 XXll,
897 2422 928 2452 p.
955 2413 1042 2451 100):
1093 2413 1124 2443 In
1154 2414 1211 2444 der
1241 2414 1413 2453 Erklarung
1444 2415 1576 2445 Haulers
1608 2415 1731 2445 mbchte
1751 2414 1815 2456 ichv
1840 2436 1843 2439 -

153 2452 234 2482 noch
256 2453 455 2490 hmzuffigen,
476 2453 539 2482 dass
554 2461 660 2482 amare
682 2454 846 2483 erklarend
858 2453 922 2482 und
936 2453 1093 2490 steigernd
1115 2461 1152 2482 zu
1166 2453 1298 2483 retinere
1319 2453 1484 2490 hinzutritt,
1505 2454 1604 2484 daher
1624 2454 1676 2484 die
1697 2453 1801 2484 Panse
1825 2461 1829 2464 ”

150 2490 307 2522 zwischen
340 2492 401 2521 den
433 2491 558 2527 beiden,
590 2492 674 2521 dann
705 2492 862 2522 abermals
893 2492 972 2521 nach
1004 2491 1090 2521 einer
1110 2491 1213 2522 Pause
1234 2492 1285 2522 die
1306 2492 1416 2523 zweite
1438 2491 1639 2530 Moglichkeit
1659 2491 1801 2523 amittere

150 2529 246 2568 folgt:
287 2530 342 2561 Bei
364 2530 413 2560 dir
430 2539 467 2560 zu
490 2531 594 2561 halten
616 2547 653 2552 —
675 2531 732 2561 der
754 2530 848 2561 Liebe
869 2539 907 2560 zu
928 2530 1082 2568 geniessen
1111 2547 1147 2552 -
1168 2530 1216 2562 sie
1235 2531 1503 2569 wegzuschicken.

1800 2647 1803 2649 .
1866 2634 1921 2660 ,ι’-ΔΝ,

1889 2659 1921 2675 ,Ἰε-

1825 2698 1827 2700 .
1858 2675 1870 2701 ’,θ
